3452 5036
649 441 729 508 ,47

99 629 192 713 lionis
214 629 303 694 libris
321 647 394 693 usus
412 626 631 692 detrimentum
653 627 783 692 tradidit
803 629 927 710 Pompei
941 632 1097 696 exercitus
1113 651 1150 695 ex
1170 633 1318 716 Pollione,

99 750 194 813 quom
217 731 305 809 citat,
327 731 492 809 cognitum.
534 728 599 793 Nec
619 729 782 811 quisquam
806 731 937 810 negabit
959 751 1014 797 suo
1036 733 1104 797 iure
1128 733 1318 801 Thouretum

99 831 202 908 legem
225 829 380 910 proferre:
405 830 450 893 »si
474 847 553 894 unus
575 829 717 910 idemque
740 830 830 893 tostis
852 849 872 894 a
893 831 1013 895 duobus
1036 834 1241 914 scriptoribus
1260 856 1319 901 nno

101 931 274 1011 eodemque
297 929 365 992 loco
386 927 554 1009 profertur,
576 934 687 993 neuter
709 929 807 1011 ipsum
831 931 975 1011 inspexit,
999 931 1052 994 sed
1076 933 1235 1016 utriusque
1251 935 1321 1001 fons

102 1032 311 1095 testimouium
334 1030 408 1094 illud
433 1029 561 1094 habuit«
585 1048 612 1110 p.
629 1033 688 1092 333
707 1030 797 1111 sq..¹).
840 1029 887 1094 Ne
907 1030 1050 1096 Caesaris
1073 1034 1170 1114 ipsius
1194 1037 1319 1116 quidem

102 1129 191 1193 libris
221 1149 293 1195 usos
325 1148 393 1193 osse
420 1129 619 1194 Plutarchum
650 1137 705 1194 aut
735 1131 908 1210 Appianum
938 1138 994 1196 aut
1025 1137 1191 1216 utrumque
1222 1136 1324 1201 elucet

103 1250 142 1293 ox
166 1230 250 1307 locis,
274 1229 389 1310 quibus
412 1230 520 1294 eadem
543 1230 679 1294 citantur
700 1230 807 1294 eodem
831 1230 938 1294 ordine
960 1239 991 1295 et
1018 1233 1218 1300 aPlutarcho
1238 1237 1322 1300 etab

104 1331 246 1410 Appiano
270 1329 366 1393 verba
390 1329 533 1394 Caesaris
542 1331 584 1402 ⁹l:

103 1446 188 1513 Ptol.
213 1447 303 1512 Caes.
315 1453 376 1511 22:
394 1447 469 1527 περὶ
490 1448 591 1530 deeris
606 1446 690 1529 προς
738 1448 1026 1532 App.0elt.c.1s:
1050 1449 1121 1511 dds
1144 1453 1274 1531 Καῖσαρ
1289 1451 1325 1514 ἐν

103 1545 237 1620 τούτους
265 1555 434 1628 γενομένης
459 1548 563 1630 μάχης
592 1546 610 1609 ὁ
628 1551 690 1628 μὲν
737 1551 809 1622 ταῖς
827 1547 925 1622 ἰδίαις
943 1548 1149 1632 ἀναγραφαῖς
1169 1553 1234 1614 auin
1248 1551 1325 1634 ἔφη·

104 1651 235 1730 Καῖσαρ
262 1649 298 1710 ἐν
325 1651 397 1720 ταῖς
424 1647 596 1730 ἐφημερίσι
624 1655 690 1729 γεγ-
738 1655 845 1730 με’ροιν
867 1651 966 1730 ἔργων
989 1654 1130 1734 φησί..

104 1772 210 1831 ραφεν
231 1799 239 1814 .
262 1797 269 1813 .
295 1799 302 1814 .

583 1847 691 1912 eadem
714 1846 831 1910 dicunt.

105 1947 149 2010 r'b.
172 1951 268 2011 ο.44;
299 1950 429 2028 Καῖσαρ
468 1946 583 2010 δὲκαὶ
613 1945 690 2027 περὶ
739 1945 823 2032 App.
842 1940 1040 2028 aalma:
1076 1944 1093 2008 o‘
1125 1945 1163 2008 δὲ
1192 1949 1322 2028 Καῖσαρ

105 2048 202 2109 τοῦτο
229 2046 423 2130 διαμαρτεῖν
456 2052 586 2130 φησίν.
610 2064 648 2110 .·
740 2047 776 2108 ἐν
787 2049 858 2120 ταῖς
869 2045 1323 2129 ἐπισιολαῖςκαταμέμφειαι.

188 2181 277 2259 Quae
308 2179 403 2243 verba
434 2180 617 2261 deprompta
650 2178 793 2243 videntur
822 2197 859 2242 ex
889 2177 992 2258 fonte,
1022 2180 1076 2259 qui
1105 2197 1143 2244 ex
1176 2178 1322 2245 Caesaris

108 2281 232 2360 scriptis
254 2279 394 2345 defluxit.
436 2279 520 2344 Usus
542 2284 644 2343 autem
667 2284 716 2343 est
731 2278 876 2343 Caesaris
899 2278 986 2342 libris
1011 2280 1137 2344 Asinius
1155 2280 1253 2345 Pollio
1276 2299 1324 2344 se-

108 2379 242 2443 eundum
264 2380 388 2444 Sueton.
411 2379 472 2444 div.
495 2379 553 2444 lul.
576 2397 602 2443 c.
622 2381 670 2443 56.
720 2378 786 2443 Νεο
808 2397 883 2442 vero
905 2377 944 2442 ab
968 2379 1034 2460 ipso
1056 2380 1160 2445 Asinio
1184 2378 1322 2444 Pollione

109 2479 163 2542 sed
185 2497 223 2544 ex
242 2479 330 2544 libris
352 2479 499 2559 auctoris
522 2480 576 2564 qui
599 2484 631 2543 et
644 2474 784 2543 Pollione
806 2486 838 2543 et
852 2479 987 2546 Caesare
1010 2495 1085 2545 usus
1106 2498 1174 2545 esse
1192 2479 1326 2560 videtur,

107 2579 296 2644 Plutarchus
318 2586 351 2644 et
372 2580 531 2661 Appianus
554 2579 650 2644 verba
673 2563 943 2660 deprompserunt.

192 2705 281 2783 Quae
313 2704 350 2768 de
374 2703 508 2768 Caesare
538 2704 670 2769 diximus
698 2708 825 2767 austore
850 2709 884 2765 et
911 2702 952 2765 ad
984 2702 1125 2767 Asinium
1153 2700 1322 2766 Pollionem

112 2803 325 2882 quadrantal
351 2805 390 2868 ad
416 2804 584 2869 Tanusium
607 2822 729 2886 quoque
750 2802 913 2867 referenda
935 2807 1026 2882 sunt,
1053 2809 1090 2866 ut
1111 2803 1170 2868 loci
1193 2802 1324 2867 docent:

109 2927 192 2992 Ptol.
227 2928 315 2994 Caes.
344 2934 407 2996 22:
456 2929 617 3003 Τανύσιος
655 2929 692 2991 δὲ
741 2929 825 3013 App.
837 2928 945 2994 βιαιο.
957 2926 1044 2992 Gall.
1051 2927 1162 3010 Ῑν.18;
1181 2925 1323 2991 Κάτωνά

109 3027 190 3108 λέγει
211 3027 353 3093 Κάτωνα
365 3065 383 3092 -.
405 3079 412 3094 .
444 3029 693 3117 ἀποφήνασθαι
740 3052 777 3091 τε
791 3032 827 3092 ἐν
840 3027 951 3111 Ῥώμῃ,
971 3031 1038 3092 τῶν
1051 3050 1098 3102 τις
1115 3036 1326 3110 συγγραφέων

110 3127 238 3212 γνώμην
273 3129 315 3203 ὠς
346 3129 495 3194 ἐκδοτέον
525 3130 597 3194 ἐστὶ
633 3129 693 3192 τόν
742 3127 1167 3212 opat,propps'rsrsynsng
1177 3128 1327 3191 ἐκδοῦναι

112 3232 263 3310 Καίσαρα
284 3233 351 3304 τοῖς
372 3229 549 3313 βαρβάροις
571 3278 578 3292 .
601 3277 609 3292 .
743 3233 811 3302 τοῖς
830 3228 1009 3310 βαρβάροις
1028 3229 1087 3291 τόν
1109 3233 1271 3308 Καίσαρα.

179 3460 205 3528 1)
226 3460 267 3513 Ad
287 3460 410 3514 Asinium
429 3477 540 3530 quoque
564 3460 709 3515 referenda
733 3460 863 3514 ridentur
881 3460 966 3514 verba
988 3477 1011 3513 c.
1031 3459 1078 3524 70,
1101 3459 1208 3528 quade
1234 3476 1329 3527 pugna

112 3545 268 3600 Pharsalica
279 3545 393 3601 dicitur:
412 3547 489 3614 ὀλίγον
501 3549 528 3598 di
539 3547 669 3608 Ῥωμαίων
687 3549 712 3597 οἱ
721 3548 848 3611 βέλτιστοι
871 3552 913 3596 καί
925 3566 991 3604 τινες
1005 3545 1129 3612 Ἑλλήνων
1147 3550 1271 3613 παρόντες
1282 3547 1328 3602 ε”ξοι

111 3633 156 3700 τῆς
172 3634 267 3701 μάχης,
285 3631 318 3694 οἷς
334 3635 410 3700 ἐγγιῗς
426 3624 458 3703 ἦν
476 3635 504 3686 τὸ
522 3636 617 3695 δεινόν,
640 3631 823 3699 ἐλογίζοντο..
850 3633 924 3685 intel·
940 3647 1009 3700 quos
1032 3630 1090 3700 ipse
1109 3647 1219 3699 quoque
1238 3630 1327 3684 Pollio

112 3717 193 3772 fuisse
214 3719 330 3774 videtur.
886 3781 888 3788 ,

178 3815 207 3879 2)
226 3814 313 3879 eram
336 3813 501 3868 sententiam
528 3813 629 3883 probat
649 3812 782 3875 Hennaeis,
805 3811 949 3880 Appianus
967 3829 993 3865 u.
1014 3829 1039 3865 a.
1058 3810 1188 3876 Quellem
1211 3827 1271 3864 cum
1295 3811 1328 3864 de

110 3903 234 3958 fontibus
251 3900 326 3963 dicit,
344 3900 445 3967 quibus
464 3900 604 3970 Appianus
618 3898 739 3953 inbellis
757 3897 870 3953 Gallicis
887 3897 1072 3951 describendis
1084 3914 1148 3950 usus
1164 3896 1208 3960 sit,
1229 3914 1254 3964 p.
1267 3896 1328 3949 131:

113 3989 161 4041 »Es
180 3987 318 4042 erecheint
336 3985 420 4039 somit
439 3985 679 4049 wahrscheiulich,
701 3986 763 4040 dass
782 4002 811 4039 er
831 4001 880 4038 aus
900 3984 1009 4039 aweiter
1028 3983 1109 4037 Hand
1132 3982 1253 4052 schbpft‚
1279 3999 1328 4035 aus

111 4075 197 4129 cinam
217 4073 432 4137 Schriftsteller,
457 4072 506 4126 der
529 4072 641 4128 Caesare
656 4071 763 4126 Wcrke
789 4069 958 4125 verarbeitet
981 4069 1060 4123 hatte
1085 4070 1142 4123 und
1168 4070 1228 4123 dem
1255 4068 1326 4122 wohl

110 4163 179 4217 arrch
200 4159 333 4214 Plutarch
361 4158 458 4229 folgt«.
499 4160 620 4214 Eandem
645 4158 735 4230 legem
761 4157 874 4212 Peterus
898 4157 927 4210 in
951 4156 1012 4210 rita
1036 4155 1159 4224 Caesaris
1183 4156 1329 4210 tractanda

110 4250 217 4302 secutus
235 4246 387 4316 p.l20sqq.
424 4245 604 4300 Plutarchum
625 4263 676 4299 nec
695 4245 810 4300 Caesare
829 4259 880 4296 uec
898 4242 1018 4296 Tanusia
1036 4242 1151 4296 Gemino
1172 4259 1249 4294 usum
1270 4257 1328 4294 esso

109 4333 175 4410 locis
194 4332 308 4388 anobis
326 4348 437 4400 quoque
456 4349 540 4401 supra
558 4332 652 4386 citatis
671 4330 879 4386 demonstravit.
