3452 5036
990 397 1135 494 50'

462 657 465 663 ,
488 612 586 678 Plane
608 611 763 676 assentior·
784 610 928 690 Miiilero,
950 610 1002 691 qui
1028 609 1210 674 Tertullinn.
1235 608 1274 673 de
1296 610 1399 673 anima
1423 612 1515 676 ciii:
1544 612 1627 677 »Mi-

408 713 575 778 thridatem
598 729 724 793 quoqne
750 729 787 774 ex
810 712 928 775 somnio
953 710 1043 774 Ponti
1057 701 1203 790 'potitum
1226 729 1243 772 c
1267 710 1420 774 Strabone
1442 729 1625 791 cognosco«

407 813 539 876 laudans
570 811 673 875 docet:
712 809 826 874 »Sicuti
856 809 1034 891 Appianas,
1072 809 1178 872 codem
1207 808 1297 873 modo
1325 809 1437 875 Strabo
1467 811 1506 876 de
1539 813 1628 878 bello

407 911 623 976 Mithridatico
646 911 845 991 expositurus
864 910 901 974 de
923 910 1020 974 initiis
1040 909 1128 989 regni
1145 908 1265 973 Pontici
1283 915 1316 972 et
1332 927 1502 990 progressu
1519 931 1627 993 pauca

407 1011 607 1094 praemisisse
629 1009 783 1074 videtur«.

490 1120 536 1183 Ex
565 1117 780 1199 geographicis
806 1121 910 1181 autern
940 1116 1027 1182 libris
1055 1115 1160 1196 piures
1189 1115 1273 1181 locos
1300 1135 1368 1182 curn
1400 1123 1537 1200 utroque
1570 1125 1629 1182 ant

409 1239 477 1284 cum
499 1221 652 1284 alterutro
676 1217 903 1298 comparandos
926 1215 1030 1280 afferri
1052 1216 1133 1280 licet.

490 1328 578 1392 Pho.
601 1327 638 1392 P.
660 1329 708 1391 28
728 1325 790 1407 την
812 1325 849 1387 δὲ
871 1324 1046 1389 Σολίων..
1069 1321 1182 1404 ἵδρυσε
1204 1322 1343 1397 πολλούς
1363 1324 1398 1386 ἐν
1419 1323 1512 1408 αὐτῇ·
1558 1327 1632 1396 τοῖς

409 1427 447 1489 δὲ
484 1425 615 1499 πολλοῖς
651 1422 829 1506 οἶκητύριον
869 1424 968 1486 ἔδωκε
1004 1415 1119 1505 Δύμην
1158 1423 1217 1504 τήν
1253 1423 1382 1503 Ἀχαΐδα
1418 1421 1631 1506 χηρεύουσαν

408 1527 549 1607 α’νδριόν.

493 1626 576 1708 App.
599 1624 646 1688 M.
669 1627 796 1689 96.115
824 1623 899 1696 τούς
921 1623 961 1685 δέ
981 1645 1069 1696 τινας
1092 1623 1145 1685 καὶ
1168 1623 1199 1696 ἐς
1219 1620 1333 1705 Δύμην
1360 1625 1415 1708 τῆς
1436 1623 1562 1703 Ἀχαΐας
1587 1674 1595 1688 .
1622 1674 1627 1687 .

409 1725 562 1803 Κιλικίαν,
592 1725 627 1787 ἐν
648 1712 669 1808 ᾗ
690 1723 732 1810 δη
750 1723 803 1786 καὶ
825 1722 969 1805 μάλιστα
990 1721 1066 1795 τούς
1086 1722 1208 1806 λῃστάς
1227 1721 1388 1804 σονῳκιζε,
1410 1723 1464 1785 καὶ
1485 1722 1506 1806 ἡ
1530 1723 1630 1798 πόλις

409 1825 430 1912 ἦ
453 1823 558 1889 πάλαι
579 1823 676 1889 Σόλοι
698 1827 756 1886 νῦν
778 1822 1049 1905 Πομπηιοόπολίς
1071 1822 1171 1885 ἐστιν.

493 1925 607 1990 Sirobo
634 1925 727 1990 XIV
751 1927 814 1988 665
847 1925 974 2004 piratas,
994 1923 1158 1986 collocavit
1189 1921 1233 1997 εἰς
1262 1915 1403 2001 Σόλους,Ι
1436 1922 1473 2009 ἣν
1503 1925 1630 1997 ἐκεῖνος

409 2024 688 2108 Πομπηίούπολιν
711 2024 865 2106 οἰνόμασε
885 2023 959 2098 τούς
980 2023 1063 2096 δἐίς
1085 2022 1198 2104 Δύμην
1222 2021 1522 2105 λειπανδρύσασαν.

494 2133 535 2195 Et
546 2151 564 2196 a
577 2132 728 2196 Strabone
743 2140 776 2195 ct
789 2132 828 2196 ab
841 2131 1007 2195 Plutarcho
1030 2136 1062 2220 ot
1080 2131 1119 2194 ab
1131 2131 1271 2212 Appiano
1293 2137 1506 2195 memorantur
1530 2136 1628 2199 urbes

410 2233 472 2296 Soli
494 2240 526 2295 et
549 2233 665 2313 Dynre;
692 2231 815 2318 ¹addunt
844 2231 962 2311 primns
995 2237 1026 2293 ct
1049 2232 1162 2294 tertius
1194 2237 1305 2294 auctor
1337 2249 1447 2294 nornen
1477 2233 1627 2298 Solorunr

414 2340 565 2395 mutatum
595 2349 662 2394 esse
690 2331 720 2394 in
744 2330 992 2411 Pompeiopolim
1022 2330 1137 2410 primus
1167 2335 1199 2392 et
1227 2330 1382 2395 secundus
1404 2331 1525 2412 Dyman
1551 2335 1628 2396 viris

412 2432 518 2496 orbam
542 2432 637 2495 inisse
660 2431 798 2494 tradunt.
849 2429 925 2493 Tres
947 2431 1029 2492 inter
1055 2448 1087 2492 se
1113 2431 1211 2510 igitur
1232 2430 1368 2493 videmus
1393 2432 1570 2495 consentire
1595 2438 1628 2494 et

412 2532 542 2595 altorum
565 2549 632 2594 cum
655 2530 764 2595 altero.
805 2530 902 2595 Porro
924 2530 1079 2594 conferas:

492 2631 579 2697 Phor.
601 2636 644 2695 29
675 2632 811 2712 δευτέρα
838 2629 899 2712 γάρ
926 2654 973 2704 τις
998 2620 1039 2714 ἦν
1066 2627 1148 2712 αὕτη
1171 2630 1292 2710 (Creta)
1314 2632 1379 2694 τοῖν
1409 2637 1629 2714 πειρατηρίων

413 2731 498 2816 πηγή·
520 2730 605 2812 μετά
625 2729 684 2814 τη“ν
706 2731 741 2793 ἐν
762 2730 897 2814 Κιλικίᾳ.

495 2831 608 2895 Strabo
625 2830 667 2908 X,
685 2833 748 2894 477
769 2829 854 2910 μετά
875 2829 936 2910 γάρ
956 2829 1032 2902 τούς
1050 2826 1240 2912 Τορῥηνούς,
1263 2826 1295 2890 οἳ
1314 2827 1458 2910 μάλιστα
1474 2828 1630 2913 ἐδῄωσαν

412 2929 472 3011 τόν
490 2931 567 2992 καθ’
586 2930 673 3011 ιζμάς
688 2928 874 3007 θάλατταν,
893 2917 986 2991 ούτοί
1001 2927 1084 2991 εἰσιν
1104 2926 1134 2990 οἱ
1148 2927 1378 3009 διαδεξόμενοι
1396 2930 1439 2991 τά
1459 2929 1629 3013 λῃστήρια.
1699 2989 1700 3006 χ

497 3037 582 3103 Prot.
605 3041 648 3100 33
680 3036 842 3116 Pompeius
871 3055 890 3099 a
918 3036 1053 3115 Tigrane
1083 3034 1222 3115 postulat
1253 3035 1452 3115 ἑξακισχίλια
1480 3034 1629 3099 τάλαντα

415 3188 422 3202 .
447 3186 479 3200 ..
504 3137 655 3216 Tigranes
678 3137 888 3219 ἐπηγγείλατο
911 3132 1092 3217 στρατιώτῃ
1114 3139 1176 3215 μὲν
1196 3136 1372 3216 ιἡμιμναῖον
1391 3135 1541 3219 α’ργοριόο
1566 3134 1630 3200 δοί-

414 3257 493 3316 σειν,
517 3235 735 3318 ἑκατοντάρχῃ
758 3236 795 3297 δὲ
816 3239 899 3316 μνάς
919 3234 1014 3312 δέκα,
1035 3232 1189 3314 χιλιάρχῳ
1212 3234 1249 3296 δὲ
1271 3232 1441 3299 τάλαντον.

417 3358 423 3375 ·
495 3337 578 3420 App.
605 3333 655 3398 M.
678 3341 740 3400 104
770 3336 824 3398 καὶ
850 3335 961 3399 ἑδίδοο
982 3335 1147 3416 Πομπηΐῳ
1170 3383 1177 3397 .
1201 3384 1208 3398 .
1242 3333 1389 3396 τάλαντα
1419 3334 1630 3416 ἑξακισχίλια,

413 3439 453 3520 τῇ
475 3438 612 3518 στρατιᾷ
626 3435 664 3497 δὲ
682 3435 829 3517 δραχμάς
844 3432 1049 3518 πεντήκοντα
1070 3432 1198 3514 ἑκάστῳ
1220 3435 1273 3496 καὶ
1294 3434 1418 3517 λοχαγῷ
1439 3434 1552 3515 χιλίας,
1575 3437 1632 3499 καὶ

415 3534 568 3616 χιλιάρχῳ
592 3539 718 3616 μορίας.

497 3635 610 3701 Strabo
637 3633 710 3713 XI,
733 3636 797 3698 530
828 3632 1006 3715 Πομπηΐου
1037 3629 1178 3713 Τιγράνῃ
1206 3632 1252 3710 τῷ
1283 3630 1385 3711 πατρὶ
1409 3678 1440 3695 ..
1484 3630 1635 3696 τάλαντα

415 3733 661 3822 ἐπιγράψαντος
690 3731 890 3812 ἑξακισχίλια
912 3733 1080 3814 άργορίοο,
1115 3728 1274 3810 διένειμεν
1294 3728 1413 3793 αὐτίκα
1439 3734 1511 3804 ταῖς
1533 3730 1633 3795 δονά-

413 3850 488 3913 μεσι
506 3833 572 3893 τῶν
586 3832 758 3913 Ῥωμαίων,
781 3831 963 3915 στρατιώτῃ
979 3834 1041 3912 μὲν
1058 3829 1128 3890 κατ’
1142 3823 1249 3910 ἄνδρα
1264 3829 1469 3892 πεντίκοντα
1484 3830 1635 3912 δραχμάς

387 3931 390 3938 ’
413 3928 475 3992 καὶ
490 3928 608 3993 ἑκατόν
621 3932 644 4009 ¹)
667 3928 886 4015 ἑκατοντάρχῃ
909 3931 947 3993 δὲ
968 3928 1087 4009 χιλίας,
1110 3926 1246 4007 ἐπάρχῳ
1268 3928 1380 3992 δὲκαὶ
1401 3928 1554 4011 χιλιάρχῳ
1575 3929 1633 3992 τά·

414 4029 544 4093 λαντον.
589 4027 748 4094 conferas:

484 4225 510 4295 1)
537 4226 578 4276 ucri
597 4225 685 4276 ἑκατόν
710 4221 887 4277 oblinendum
908 4224 950 4275 est
968 4237 999 4276 ex
1019 4221 1236 4291 ἑκατοντάρχῃ
1255 4225 1358 4287 ortum,
1384 4227 1425 4275 acii
1442 4221 1566 4278 additum
1586 4224 1634 4284 eat,

414 4313 447 4364 ut
465 4309 670 4380 coniungantur
687 4305 779 4363 rerba.
