3452 5036
977 400 1018 464 38

389 572 450 663 τήν
467 573 578 659 μάχην
595 575 680 657 μετα
701 581 873 660 Καίσαρος.
1017 575 1084 638 rlrrd
1109 580 1248 660 Καίσαρι
1275 582 1332 661 τῆς
1351 577 1459 661 μάχης
1480 581 1607 662 ἐκείνης

1019 680 1222 761 στρατηγῶν,
1261 676 1492 758 ἑξακισχιλίους
1523 680 1607 742 α’να-

1017 773 1135 858 γράφει
1167 777 1297 858 νεκρούς
1329 779 1506 866 εὑρεθῆναι
1534 783 1607 842 τῶν
1690 831 1691 840 ,

1018 875 1205 959 Πομπηΐου.

470 976 517 1041 De
544 975 659 1057 quibus
694 977 769 1042 locis
800 977 977 1042 ludeichius
1012 978 1091 1044 bene
1121 977 1278 1056 disputat,
1316 994 1384 1040 cum
1412 976 1605 1040 sententiam

388 1075 543 1156 Basineri,
583 1076 639 1160 qui
676 1082 785 1141 contra
827 1077 1016 1143 Thouretum
1058 1077 1191 1142 docebat
1226 1083 1394 1158 utrumque
1435 1075 1530 1140 verba
1564 1075 1635 1138 de,

386 1174 494 1240 Asinio
524 1174 662 1240 Pollione
703 1175 748 1239 ita
786 1175 1014 1258 deprompsisse
1050 1181 1086 1242 ut
1120 1179 1279 1259 Appianas
1323 1175 1445 1256 integra
1488 1193 1606 1258 graece

386 1273 593 1356 exprimeret,
637 1274 838 1339 contraheret
875 1275 1084 1356 Plutarchus,
1127 1274 1237 1339 falsam
1283 1293 1352 1339 esse
1395 1275 1604 1339 demonstrat.

387 1371 475 1438 (litat
502 1379 605 1438 autern
634 1374 759 1439 Asinius
779 1374 878 1439 Pollio
908 1393 1068 1441 numerum
1096 1376 1228 1440 militum
1255 1375 1515 1456 legionariorum,
1545 1376 1604 1456 qui
1692 1389 1693 1418 l

387 1471 468 1538 caesi
500 1477 589 1554 sunt,
629 1473 713 1554 quod
741 1480 850 1540 contra
880 1474 1040 1556 Appianas
1071 1475 1129 1540 hoc
1157 1474 1267 1556 affcrtg
1307 1475 1378 1555 »qui
1408 1477 1437 1540 in
1469 1475 1602 1538 nimium

280 1643 283 1650 ,
386 1575 546 1656 auxerunt
574 1591 753 1654 numerum,
788 1593 879 1640 caesa
912 1593 980 1640 esse
1012 1575 1144 1641 tradunt
1174 1575 1260 1640 XXV
1290 1575 1392 1640 miliae
1430 1594 1500 1640 cum
1538 1577 1607 1658 ipse

387 1675 505 1742 Caesar
523 1675 553 1739 in
575 1679 737 1740 comment.
758 1675 814 1754 III,
836 1678 874 1740 92
897 1675 955 1740 XV
978 1675 1061 1741 milia
1085 1693 1177 1741 caesa
1198 1693 1265 1741 esse
1287 1676 1469 1740 contendat.
1513 1677 1606 1755 Quae
1693 1693 1694 1696 ’

386 1775 521 1857 Appiani
538 1773 626 1839 XXV
648 1775 731 1839 milia
752 1781 822 1838 orta
844 1771 913 1839 ess'e
936 1780 1045 1840 censet
1063 1775 1238 1841 ludeichius
1260 1793 1297 1840 ex
1317 1775 1375 1840 XV
1392 1775 1527 1856 milibus,
1550 1778 1605 1859 qui

386 1875 510 1958 generis
539 1875 688 1955 cuiusque
715 1872 830 1939 fuerint
861 1875 952 1939 caesi.
1006 1877 1109 1956 Atque
1142 1876 1215 1940 mihi
1252 1876 1375 1957 quidem
1397 1895 1465 1939 -non
1496 1877 1606 1958 inepte

387 1976 512 2042 videtur
539 1975 680 2040 conicere
708 1975 739 2038 in
768 1976 919 2039 communi
950 1975 1114 2057 utriusque
1137 1975 1223 2039 ionte
1245 1980 1278 2039 et
1299 1976 1464 2040 maximum
1489 1977 1605 2058 (XXV)
1694 2003 1695 2036 l

387 2081 419 2141 et
441 2076 599 2141 minimum
623 2074 689 2158 (Vl)
713 2093 876 2139 numerum
898 2072 993 2139 fuisse
1016 2076 1156 2154 citatum,
1178 2074 1379 2140 Plutarchum
1402 2080 1505 2140 autern
1526 2077 1604 2141 Pol-

387 2176 477 2242 lionis
513 2193 675 2240 numerum
712 2181 747 2240 ut
782 2173 1037 2239 verisimillimum
1066 2175 1194 2250 citasse;
1230 2175 1285 2239 sed
1315 2195 1351 2240 ex
1380 2194 1452 2241 voce
1481 2175 1606 2258 μόνους

387 2275 561 2359 complures
582 2293 727 2340 numeros
750 2273 949 2340 Plutarchum
973 2275 1095 2339 novisse
1116 2274 1255 2340 concludi
1277 2280 1391 2356 potest.

468 2376 504 2442 Id
524 2376 620 2457 igitur
641 2379 674 2438 et
694 2393 732 2438 ex
752 2375 819 2439 loco
841 2374 981 2455 proximo
1003 2381 1035 2438 et
1056 2393 1094 2438 ex
1108 2375 1219 2440 ceteris
1239 2374 1316 2439 locis
1332 2374 1492 2439 simillimis
1504 2391 1604 2454 supra

388 2476 524 2542 laudatis
545 2472 741 2538 manifestum
763 2479 828 2552 est,
848 2478 881 2537 et
902 2491 1094 2537 communem
1117 2472 1211 2538 fuisse
1232 2472 1392 2537 Plutarchi
1414 2479 1447 2538 et
1468 2474 1603 2554 Appiani

282 2581 284 2584 ’
389 2572 507 2643 fontem
543 2581 575 2639 et
605 2590 715 2654 graece
735 2573 883 2654 scriptum
913 2578 944 2636 et
971 2573 1109 2636 Asinium
1131 2571 1299 2637 Pollionem
1331 2573 1361 2636 in
1395 2591 1430 2636 eo
1462 2573 1603 2637 citatum.

388 2681 424 2744 ln
449 2677 595 2744 Caesaris
616 2692 742 2756 quoque
763 2665 829 2739 uita
848 2674 1053 2754 Plutarchus,
1081 2673 1134 2738 ubi
1156 2691 1291 2755 pugnam
1313 2672 1523 2738 Pharsalicam
1547 2673 1603 2737 de-

389 2777 508 2858 scribit,
531 2775 669 2840 Asinium
692 2773 863 2840 Pollionem
886 2780 1114 2856 commemorat,
1139 2774 1177 2838 de
1200 2792 1260 2855 quo
1281 2774 1348 2838 loco
1370 2780 1402 2837 et
1425 2773 1604 2838 Thouretus

388 2884 421 2942 et
432 2876 562 2942 Basiner
580 2883 613 2940 et
626 2873 802 2940 ludeichius
824 2875 1082 2956 disputaverunt;
1107 2879 1156 2940 est
1177 2879 1282 2939 autern
1304 2873 1369 2939 hic:
1391 2872 1499 2937 ταῦτα’
1521 2893 1606 2957 φησι

389 2977 538 3044 Πολλίων
557 2977 707 3048 Ἀσίννιος
735 2975 777 3037 τοὶ
805 2972 936 3059 ῥήματα
955 2973 1127 3056 Ῥωμαϊστὶ
1156 2979 1218 3056 μὲν
1239 2974 1523 3056 ἀναφθέγξασθαι
1542 2975 1604 3039 τόν

388 3085 542 3164 Καίσαρα
563 3075 655 3161 παρα
676 3076 735 3138 τὸν
754 3075 830 3141 τότε
843 3074 965 3157 καιρόν,
984 3075 1160 3158 Ἑλληνιστὶ
1178 3075 1206 3137 d'
1219 3074 1274 3137 ὑπ’
1287 3074 1391 3138 αὐτοῦ
1405 3075 1604 3158 γεγράφθαι·

389 3200 449 3264 qua
473 3181 503 3244 in
527 3179 738 3260 disputatione
761 3177 1026 3258 perspicacissima
1054 3183 1102 3240 est
1124 3176 1276 3244 Thoureti
1305 3177 1476 3256 sententia,
1505 3195 1604 3260 quam

389 3280 558 3346 Basinerus
581 3278 747 3358 vituperat,
774 3273 915 3340 defendit
936 3274 1128 3356 ludeichius,
1159 3275 1361 3340 Plutarchum
1382 3274 1491 3356 verba,
1521 3292 1604 3355 quae

389 3379 572 3463 praebuerit
592 3375 678 3457 fons,
710 3375 784 3438 »ὑπ’
802 3375 883 3457 ἐμοῦ
903 3373 1106 3456 γεγράφθαι
1130 3375 1209 3438 falso
1232 3374 1379 3439 retulisse
1398 3372 1438 3436 ad
1459 3373 1603 3438 Asinium

390 3480 574 3558 Pollionem,
597 3495 667 3541 cum
690 3474 850 3540 referenda
867 3481 972 3538 essent
994 3474 1035 3539 ad
1056 3475 1175 3556 ipsum,
1196 3475 1248 3555 qui
1271 3474 1366 3540 verba
1388 3473 1548 3554 scripserit
1568 3482 1605 3538 et

390 3580 444 3662 qui
466 3579 565 3644 Asinii
588 3576 737 3642 Pollionis
758 3593 832 3640 usus
853 3575 896 3639 sit
918 3577 1098 3639 narratione
1120 3582 1286 3666 auctorem.

473 3680 538 3745 lam
560 3677 633 3743 verd
656 3676 688 3740 id
716 3696 752 3740 ex
782 3676 888 3740 allatis
917 3675 990 3739 locis
1019 3675 1138 3740 elucere
1168 3675 1306 3756 videtur,
1334 3676 1537 3742 Plutarchum
1568 3683 1603 3742 et

391 3779 565 3865 Appianum
603 3796 662 3842 uno
692 3776 885 3859 potissimum
917 3774 1085 3856 eodemque
1117 3793 1188 3840 usos
1217 3793 1284 3840 esse
1314 3775 1480 3857 scriptore,
1517 3776 1602 3858 quod

391 3881 515 3963 quidem
533 3877 563 3941 in
580 3894 688 3958 pugna
699 3875 878 3940 Pharsalica
894 3880 1041 3940 enarrata
1060 3874 1127 3939 luce
1143 3873 1256 3939 clarius
1271 3886 1326 3940 est.
1355 3877 1480 3942 Asinius
1494 3884 1600 3942 autern

391 3978 492 4045 Pollio
519 3982 696 4040 accuratam
723 3975 845 4040 dedisse
874 3976 997 4041 videtur
1026 3994 1147 4058 pugnae
1175 3976 1274 4056 illius,
1306 3978 1355 4041 cui
1383 3978 1467 4057 ipse,
1499 3985 1535 4040 ut
1562 3996 1599 4040 ex

392 4075 554 4144 Plutarchi
566 4083 599 4140 et
611 4076 743 4157 Appiani
757 4083 889 4157 apparet
901 4075 1042 4157 verbis1),
1058 4074 1208 4154 interluit,
1227 4076 1477 4157 descriptionem.
1508 4077 1599 4154 Quod

392 4193 585 4210 k...—

463 4234 489 4305 l)
508 4233 581 4288 Plui.
598 4232 692 4300 Pomp.
713 4233 740 4286 3:
766 4233 889 4294 Πολλίων,
907 4239 1082 4301 μεμαχημένος
1100 4236 1194 4301 ἐκείνην
1212 4234 1259 4298 τήν
1274 4235 1361 4301 μα’γην
1380 4234 1443 4290 terrra*
1463 4235 1599 4304 Καίσαρος.

395 4351 428 4398 -Ι
445 4322 516 4392 App.
534 4321 561 4375 b.
580 4338 601 4375 c.
614 4320 699 4387 Il,82.
720 4321 838 4382 Ποιλίοιν,
857 4319 906 4372 iuro
926 4321 1054 4390 Καίσαρος
1072 4320 1118 4386 τῆς
1135 4322 1220 4386 μα’γης
1236 4324 1327 4388 ε’κιίνης
1343 4320 1498 4386 στρατηγῶν.
