3452 5036
999 425 1039 488 oo

414 601 591 686 Πομπηΐου
612 601 807 681 ἀναθέντος,
837 607 869 666 et
890 603 969 667 idem
991 620 1100 667 nomen
1123 603 1149 666 ei
1173 603 1277 681 dedit,
1304 605 1388 683 quod
1411 604 1492 668 Plut.
1518 624 1542 669 o.
1567 611 1627 669 37:

352 747 356 756 ι
415 702 451 765 ἐν
472 702 510 764 δὲ
530 703 576 783 τῷ
594 704 703 782 Καινῷ
723 705 837 782 χωρίῳ.

273 790 276 798 ’
495 801 655 883 Appianus
677 817 788 864 nomon
810 818 871 863 non
895 800 981 864 citat.

496 900 587 965 Adde
608 900 689 979 quod
712 904 744 963 et
764 898 1002 981 Appianus109
1024 902 1056 960 et
1074 895 1189 960 Strabo
1202 895 1326 972 ΧΙ,496
1348 905 1480 962 narrant
1503 899 1628 964 Mithri·

413 1001 516 1064 dotem
539 999 706 1079 fugientem
728 1017 784 1080 por
812 997 888 1064 fines
910 997 1085 1080 profectum
1108 1013 1176 1059 esso
1202 996 1430 1061 Heniochorum
1452 1003 1484 1061 ot
1506 1000 1627 1064 Achae·
1693 1015 1694 1032 ¹

412 1117 520 1180 orum,
543 1099 581 1162 de
602 1116 734 1179 quorum
756 1099 875 1178 origine
896 1105 929 1161 et
950 1103 1034 1161 sorte
1056 1095 1131 1160 dicit
1118 1096 1320 1177 tAppioous.

494 1203 589 1269 Porro
612 1202 767 1268 conferas:

411 1311 497 1376 Ρίυλ.
521 1311 613 1376 Sulla
635 1313 694 1376 26.-
729 1310 832 1376 Sulla:
872 1307 995 1385 ἐξεῖλεν
1043 1306 1156 1371 Strabo
1174 1303 1273 1386 XIII,
1292 1310 1390 1372 909
1383 1328 1413 1371 on
1445 1311 1545 1375 medio
1572 1331 1627 1375 ca·

411 1409 518 1494 ἑαυτῷ
555 1411 616 1495 την
665 1410 888 1482 Ἀπελλικῶνος
936 1409 996 1469 τοῦ
1042 1406 1153 1487 pitez.
1169 1407 1384 1471 ἀπέδοντο.
1404 1408 1628 1473 ,Απελλικον-
1695 1399 1696 1406 ¹

415 1511 516 1594 Τηΐου
556 1508 782 1596 βιβλιοθήκην,
834 1496 914 1592 ἕνῇ
952 1508 993 1570 τά
1042 1509 1136 1588 τιτῷ
1161 1507 1247 1589 Τηΐῳ
1267 1557 1274 1571 .
1298 1555 1304 1570 .
1327 1507 1369 1570 τά
1395 1533 1431 1570 τε
1454 1511 1628 1590 Ἀριστοτέ-

411 1610 553 1676 πλεΐστα
583 1612 648 1674 ’τῶν
682 1609 913 1692 Ἀριστοτέλους
939 1608 993 1670 καλ
1042 1605 1115 1680 λους
1135 1608 1188 1670 καὶ
1211 1608 1252 1670 τά
1275 1609 1493 1690 Θεοφράστου
1513 1611 1629 1692 βιβλιά

412 1710 627 1794 Θεοᾳράστυν
660 1710 794 1792 βιβλίων
823 1699 873 1794 ἧν,
901 1703 994 1774 οδπω
1042 1755 1049 1768 .
1078 1755 1084 1770 .
1110 1757 1117 1770 .
1147 1757 1154 1772 .
1185 1711 1305 1790 συνέβη
1335 1708 1374 1770 δὲ
1399 1713 1465 1782 τοῖς
1495 1712 1529 1772 ἐκ
1561 1713 1629 1773 τῶν

410 1809 486 1876 τότε
523 1813 637 1893 σαφῶς
678 1809 892 1894 γνωριζόμενα
928 1814 995 1884 τοῖς
1043 1804 1245 1886 περιπάτων,
1275 1811 1342 1881 τοῖς
1371 1813 1432 1887 μὲν
1459 1808 1596 1873 πολλαί.
1620 1859 1626 1874 .

354 1909 358 1920 ’
411 1911 550 1984 πολλοῖς.
588 1910 713 1992 λε’χεται
728 1911 766 1973 δὲ
780 1915 994 1995 κομισθείσης
1042 1902 1122 1978 ὅλως
1143 1905 1200 1970 Οδκ
1223 1908 1387 1986 ἔχουσιτδ
1408 1911 1520 1990 βιβλία
1535 1910 1628 1995 πλην

411 2012 511 2098 αὐτῆς
547 2009 592 2084 εἰς
622 2008 746 2093 Ῥώμην
782 2017 993 2094 Τυραννίωνα
1042 2004 1156 2088 ὀλίγων
1178 2059 1184 2071 .
1204 2057 1238 2072 ..
1266 2009 1370 2092 μηδὲν
1391 2011 1475 2089 ἔχειν
1496 2010 1627 2092 φιλοσο-

411 2112 469 2175 τδν
511 2112 735 2194 γραμματικόν
771 2111 990 2175 ἐνσκευάσασ·
1042 2111 1118 2190 φεῖν
1148 2113 1375 2190 πραγματικοῖς
1397 2159 1402 2172 .
1427 2160 1433 2172 .
1462 2160 1468 2173 .
1500 2108 1628 2184 Σύλλας

411 2215 474 2275 θαι
493 2212 535 2274 τά
559 2211 666 2275 πολλά
682 2257 714 2276 ..
737 2210 768 2274 οἱ
788 2211 826 2274 δὲ
846 2211 990 2296 πρεσβιλ-
1040 2197 1105 2270 εἷλε
1136 2208 1197 2292 την
1226 2209 1468 2284 Ἀπελλικῶντος
1502 2212 1625 2293 βιβλιο-
1699 2249 1700 2256 1

411 2334 496 2396 τεροι
531 2312 784 2396 Περιπατητικοὶ
819 2317 992 2394 φαίνονται
1039 2304 1146 2390 δίκην
1169 2358 1176 2373 .
1199 2360 1205 2373 .
1225 2357 1257 2374 ..
1280 2309 1376 2392 δεῦρο
1396 2311 1434 2373 δὲ
1455 2315 1626 2391 κομισθεῖ·

410 2416 472 2495 μὲν
491 2414 569 2476 καθ’
595 2410 729 2485 ἑαυτούς
748 2409 915 2493 γενόμενοι
936 2436 991 2493 χα-
1041 2425 1104 2469 σαν
1118 2412 1306 2491 Τυραννίων
1324 2433 1359 2471 τε
1374 2411 1391 2473 o‘
1405 2413 1627 2493 νοαμματικδς

411 2517 532 2595 ρίεντες
562 2512 616 2575 καί
650 2512 827 2597 φιλολόγοι,
863 2515 927 2576 τών
955 2513 992 2576 δὲ
1040 2506 1255 2588 διεχειρίσατο
1290 2558 1296 2573 .
1332 2558 1339 2573 .
1375 2557 1381 2571 .
1423 2516 1482 2576 609
1519 2513 1626 2578 initio:

410 2613 641 2696 Ἀριστοτέλους
682 2613 736 2676 καλ
776 2613 991 2697 Θεοφράστου
1034 2605 1245 2688 Θεόφραστος
1275 2609 1313 2672 δὲ
1342 2611 1448 2694 Νηλεῖ
1458 2675 1461 2687 ,
1475 2613 1624 2694 παρέδω-

412 2714 612 2796 χραμμάτων
646 2709 721 2778 οὔτε
756 2715 888 2786 πολλοῖς
916 2710 993 2777 οὔτε
1041 2729 1104 2770 κεν·
1149 2707 1166 2770 δ
1196 2708 1233 2770 δὲ
1262 2707 1306 2783 εἷς
1327 2713 1456 2798 Σκῆψίν
1488 2717 1625 2794 κομίσας

414 2814 552 2896 ἀκριβῶς
588 2813 831 2897 ἐντετυχηκότες
862 2814 919 2877 διά
955 2815 993 2877 τδ
1042 2855 1049 2869 ·
1075 2855 1081 2870 ·
1106 2807 1295 2900 παρέδφκδν
1325 2809 1466 2884 λδίίλῖαίς
1492 2811 1625 2893 ἅλ’δρίδ·

411 2914 470 2977 τδν
485 2913 614 2997 Νηλέως
627 2917 688 2978 τοῦ
702 2919 851 2998 Σκηψίου
868 2915 992 2997 κλίρον,
1044 2929 1126 2980 ποις·

412 3003 497 3097 ᾦτά
519 3015 630 3097 βιβλία
649 3014 803 3078 κατέλιπε
818 3014 991 3098 Θεόφρασ-

412 3139 475 3196 τος,
498 3113 543 3190 εἰς
561 3115 772 3198 ἀφιλοτίμους
792 3115 847 3178 καὶ
862 3114 992 3190 ἰδιώτας

413 3213 612 3298 ἀνθρώπους
633 3219 875 3299 περιγενέσθαι.

495 3322 609 3387 Locum
632 3322 743 3387 deinde
765 3323 897 3388 Sertorii
921 3324 1004 3390 vitae
1026 3343 1051 3388 o.
1074 3325 1094 3389 9
1116 3325 1259 3391 citemus:

496 3430 646 3494 ἐνταῦθα
663 3430 720 3509 [ad
735 3429 858 3512 Tingis)
881 3431 938 3493 τάν
958 3431 1100 3494 Ἀνταῖον
1120 3431 1151 3496 οἱ
1166 3438 1288 3514 Λίβυες
1306 3432 1472 3515 ἱστοροῦσι
1490 3439 1628 3501 κεῖσθαι

413 3530 545 3593 καὶτὸν
566 3531 674 3612 τάιχον
695 3529 797 3593 αὐτοῦ
813 3528 987 3613 Σερτώριος
1009 3518 1170 3614 διέσκαψε
1194 3538 1260 3607 τοῖς
1281 3534 1457 3616 βαρβάρυις
1474 3536 1628 3601 ἀπιστῶν

414 3632 469 3695 διά
492 3635 638 3713 μέγεθος·
682 3632 824 3712 ἐντυχών
846 3632 884 3694 δὲ
909 3634 955 3714 τῷ
977 3631 1103 3714 σώματι
1124 3637 1237 3715 πηχιῦν
1260 3631 1417 3720 ἑξήκοντα
1436 3639 1550 3722 μηκας,
1583 3637 1628 3712 ὥς

415 3750 513 3815 φασι,
545 3730 732 3815 κατεπλάγη
759 3734 813 3796 καὶ
843 3732 982 3816 σφάχιον
1004 3734 1147 3815 ἐντεμών
1173 3741 1337 3813 συνέχωσε
1365 3735 1403 3798 τδ
1430 3739 1542 3822 μνῆμα
1570 3739 1626 3801 καὶ

414 3831 473 3914 την
494 3833 570 3914 περὶ
588 3831 669 3895 αάτδ
688 3830 784 3918 τιμήν
801 3855 837 3894 τε
856 3833 910 3895 καὶ
932 3831 1044 3916 φήμην
1063 3832 1255 3918 συνηύξησε.

498 3937 593 4015 Quem
623 3939 787 4004 locumB
820 3938 912 4004 Niese
944 3958 1021 4004 mus.
1053 3939 1175 4004 rhen
1160 3947 1214 4018 3,ss
1250 3960 1279 4022 p.
1308 3941 1365 4006 601
1401 3949 1471 4007 cont
1459 3943 1529 4006 tulit
1516 3949 1625 4008 tcum

416 4039 580 4105 Strabonis
594 4057 701 4121 geogr
719 4039 786 4104 libr.
802 4039 900 4120 XVII,
915 4041 992 4105 899:
1012 4041 1065 4103 καὶ
1088 4037 1248 4115 Τανύσιος
1258 4043 1280 4121 ¹)
1298 4039 1371 4103 δὲζ
1353 4066 1370 4104 o
1388 4043 1452 4104 τῶν
1463 4042 1629 4124 Ῥωμαίων

418 4130 616 4225 συχχραμεδς
637 4140 695 4204 οὐκ
716 4139 876 4219 ἀπέχεται
897 4143 952 4225 τῆς
974 4141 1274 4222 τερατολυχιαςς
1218 4143 1274 4224 τῆς
1295 4142 1371 4223 περὶ
1393 4165 1452 4228 την
1473 4149 1554 4207 Μαι
1556 4167 1630 4225 ρου-

487 4318 512 4390 1)
531 4335 547 4373 o
565 4318 647 4376 Nioso
665 4334 698 4373 ex
719 4317 778 4373 ood.
799 4316 863 4372 Vat.
882 4318 1049 4388 reparatum.
