3452 5036
226 1353 409 1490 Summum
439 1423 478 1486 ad
512 1421 665 1486 hominum
698 1426 729 1486 et
757 1420 921 1485 civitatum
949 1417 1111 1482 historiam
1134 1415 1353 1481 illustrandam

141 1529 174 1587 et
202 1529 286 1588 recte
316 1521 559 1602 cognoscendam
589 1541 626 1586 ex
656 1527 836 1602 auctorum,
868 1519 921 1600 qui
947 1536 996 1582 res
1018 1522 1124 1597 gestas
1146 1516 1349 1598 scripserunt,

142 1622 282 1687 fontibus
301 1622 507 1704 perscrutatis
531 1620 727 1686 commodum
752 1621 820 1702 capi
844 1620 921 1684 satis
944 1623 1076 1683 constat.
1122 1617 1236 1697 Magno
1259 1617 1355 1696 igitur

143 1721 251 1786 labore
280 1723 310 1785 in
341 1721 420 1786 hauc
448 1721 631 1786 incumbunt
656 1720 714 1784 riri
736 1720 889 1784 doctihis
913 1717 1106 1798 temporibus
1129 1717 1353 1800 quaestionem.

147 1821 209 1888 Sed
237 1820 438 1885 delentibus
469 1827 647 1902 auctorum,
678 1823 730 1900 qui
755 1821 915 1885 historiam
937 1824 1131 1899 temporum,
1162 1817 1273 1899 quibus
1295 1817 1354 1898 ipsi

146 1923 306 1999 vixerunt,
339 1903 550 2002 scripserunt,
580 1921 742 2002 disputare
772 1939 835 1985 non
864 1938 1012 2000 magnum
1042 1924 1107 1995 est;
1140 1919 1247 1983 statim
1276 1918 1357 1982 enim

149 2027 280 2104 apparet
304 2026 359 2086 aut
380 2021 496 2102 ipsum,
521 2021 574 2104 qui
597 2021 769 2102 scripserit,
790 2039 841 2086 res
863 2021 978 2085 vidisse
1000 2025 1033 2084 et
1054 2018 1145 2084 iactis
1167 2016 1356 2098 interfuisse,

147 2129 205 2186 aut
225 2141 261 2206 err
284 2121 416 2184 aliorum
436 2139 489 2184 ore
504 2121 669 2186 audivisse.
714 2121 853 2199 Quorum
869 2121 900 2184 in
918 2139 1047 2185 numero
1065 2124 1140 2184 sunt
1152 2117 1357 2199 Thucydides,

146 2222 336 2303 Xenophon,
368 2220 484 2285 Caesar
513 2221 575 2286 aiii.
626 2221 730 2300 Quare
759 2221 789 2285 in
819 2221 863 2284 eis
888 2221 1085 2302 potissimum
1113 2219 1190 2282 haec
1212 2217 1355 2298 quaestio

148 2327 292 2387 versatur
324 2321 543 2402 scriptoribus,
572 2321 624 2402 qui
653 2322 772 2403 aliquot
801 2321 890 2385 aronis
919 2319 967 2384 vel
997 2325 1136 2400 ternpore
1163 2319 1261 2383 multo
1283 2322 1357 2400 post

148 2440 239 2503 quarn
261 2441 325 2502 res,
348 2422 461 2502 quibus
484 2421 668 2485 enarrandis
689 2422 893 2502 studuerunt,
915 2426 1024 2501 gestae
1047 2426 1137 2497 suut,
1157 2421 1302 2484 vixerunt
1324 2423 1356 2484 et

146 2521 204 2585 hac
225 2521 262 2586 de
285 2539 379 2585 causa
401 2521 470 2584 aliis
492 2521 721 2601 antiquioribus
746 2523 792 2585 usi
815 2527 887 2585 sunt
909 2520 1086 2585 auctoribus
1107 2519 1146 2583 ad
1169 2537 1245 2601 opus
1263 2537 1353 2584 suum
1404 2553 1407 2562 .

146 2621 410 2686 conscribendum.
463 2621 551 2694 Quae
586 2621 724 2703 quaestio
759 2622 893 2700 nostris,
932 2627 968 2686 ut
996 2622 1058 2685 iam
1088 2637 1183 2701 supra
1214 2617 1355 2698 unimus,

149 2721 340 2803 temporibus
362 2722 539 2802 saepissime
562 2726 701 2785 tractata
719 2726 777 2785 est.
821 2721 882 2786 Sed
901 2738 1050 2802 persaepe
1068 2737 1199 2802 maguae
1217 2720 1356 2783 virorum

148 2820 309 2885 doctorum
340 2823 528 2885 exstiterunt
559 2822 791 2886 controversiae
820 2821 851 2884 iu
881 2821 1020 2885 ciusdem
1049 2820 1185 2884 auctoris
1215 2817 1356 2883 fontibus

147 2919 372 2998 describendis,
400 2937 500 3001 neque
521 2920 626 3001 lacile,
651 2921 811 2986 cuiusnam
834 2921 933 2999 magis
956 2918 1120 3000 probanda
1143 2919 1184 2982 sit
1208 2918 1265 2983 viri
1287 2936 1355 2986 scu·

146 3020 261 3097 tentia,
292 3019 449 3084 diiudices.
492 3020 528 3084 Id
552 3020 634 3103 quod
656 3021 786 3086 maxime
810 3021 840 3083 in
864 3019 1063 3084 Plutarchum
1084 3017 1184 3097 cadit,
1206 3017 1246 3082 dc
1268 3019 1355 3082 cuius
1442 3035 1445 3044 ’

148 3118 329 3182 auctoribus
347 3135 533 3200 quamquam
550 3119 639 3184 multi
656 3121 895 3202 inquisiverunt,
917 3136 978 3184 non
996 3136 1096 3199 pauca
1111 3123 1215 3182 tamen
1233 3123 1356 3182 restant

146 3218 255 3283 melius
285 3217 476 3299 explicanda.
525 3217 631 3295 ¹(luere
661 3238 718 3302 ego
750 3220 871 3284 diutino
901 3218 1006 3282 labore
1037 3219 1067 3282 in
1090 3217 1257 3282 Plutarcho
1288 3236 1356 3282 ver·

145 3326 233 3382 satus
263 3336 346 3382 nunc
374 3317 404 3382 id
436 3318 509 3381 mihi
535 3321 698 3400 proposui,
729 3325 763 3384 ut
785 3319 887 3399 paullo
910 3319 1025 3383 rectius
1047 3335 1213 3398 exponam,
1243 3316 1355 3398 quibus

146 3418 325 3483 auctoribus
361 3437 436 3484 usus
466 3419 507 3482 sit
533 3419 562 3482 in
591 3419 656 3482 vita
684 3419 827 3500 Pompei,
861 3419 1006 3490 Caesaris
1031 3417 1221 3500 aliorumque
1243 3415 1355 3480 Roma·

145 3534 263 3595 norum,
287 3517 341 3600 qui
367 3535 518 3582 unacum
541 3518 589 3583 his
612 3518 699 3582 bellis
724 3519 861 3583 civilibus
885 3507 1103 3583 interfuerunt.

230 3622 297 3700 Qua
329 3623 366 3710 de
396 3644 429 3688 re
459 3631 532 3689 ante
559 3643 606 3688 me
629 3643 696 3689 cum
711 3624 771 3705 alii
794 3635 927 3705 egerunt
951 3633 1015 3689 turn
1037 3625 1076 3689 H.
1095 3624 1188 3690 Peter
1209 3623 1240 3686 in
1264 3621 1355 3701 libro,

147 3722 200 3802 qui
231 3722 425 3788 inscribitur:
461 3723 537 3788 »Die
568 3723 695 3801 Quellen
720 3724 885 3789 Plutarchs
913 3726 944 3788 in
976 3725 1033 3789 den
1064 3723 1271 3805 Bicgraphien
1300 3721 1354 3785 der

146 3822 316 3900 lloemer«,
351 3823 462 3904 nuper
489 3824 601 3888 deinde
637 3823 812 3888 Thouretus
853 3825 910 3888 ude
946 3824 1109 3904 Cicerone,
1148 3822 1254 3886 Asinio
1283 3819 1354 3885 'Pol-

148 3921 240 4000 lione,
265 3923 298 3987 G.
320 3921 419 4004 Oppio
442 3941 543 3986 reruni
569 3923 825 3988 Caesarianarunr
846 3923 1079 4005 scriptoribus«,
1101 3923 1206 4003 Leipa
1230 3920 1354 3987 Studl

146 4040 175 4101 p.
199 4026 257 4086 304
278 4041 345 4104 sqq.
375 4029 407 4087 et
436 4022 472 4087 0.
500 4023 629 4087 Basiner
662 4024 718 4088 »de
749 4024 829 4088 bello
860 4024 941 4088 civili
973 4021 1199 4102 Caesariano«,
1232 4025 1352 4100 quaest.

147 4120 233 4184 Caes.
256 4140 286 4202 p.
306 4123 329 4186 l.
354 4122 481 4205 Dorpat.
502 4121 573 4186 diss.
597 4123 696 4188 Moslr.
719 4128 806 4188 1883.

230 4225 367 4302 Quorum
399 4223 535 4286 virorum
564 4223 722 4288 doctorum
753 4224 790 4287 de
823 4222 962 4286 fontibus
992 4220 1150 4284 Plutarchi
1180 4218 1353 4282 sententiae

148 4324 292 4388 ‹iiiiorsae
314 4328 397 4388 sunt.
442 4323 481 4388 H.
499 4323 591 4388 Peter
614 4325 704 4404 euim,
728 4341 797 4388 cum
819 4330 852 4387 et
874 4324 906 4387 in
929 4323 993 4386 vita
1012 4320 1155 4386 Caesaris
1178 4319 1261 4382 etin
1284 4317 1352 4382 aliis

200 4451 297 4499 (Vogel).
1166 4426 1178 4478 l
