3452 5036
717 445 757 508 27

130 629 196 689 τῶν
228 626 338 688 ἐθνῶν
356 624 438 690 ’καί
458 627 523 688 τῶν
551 625 712 704 βασιλέων
760 625 937 706 βασιλεῦσί
972 648 1008 687 τε
1044 626 1098 689 καὶ
1134 625 1311 701 δυνάσταις
1320 631 1341 705 ¹)
1436 649 1439 656 ’

131 725 162 791 οἱ
193 723 450 807 δννατοίτατοιῑ)
479 775 486 790 .
518 779 524 791 .
560 726 715 815 χρήματα
762 727 816 789 καὶ
848 729 965 790 ἔθνεσι
994 777 1002 792 .
1031 774 1039 791 .
1071 776 1078 791 .
1107 727 1161 790 καὶ
1190 727 1343 810 χρήματα

131 825 321 909 λαμβάνειν.
762 828 911 909 α’γείρειν.
997 881 1000 888 .
1266 842 1267 852 ’

130 940 176 999 26
203 933 319 997 διελών
347 932 391 996 τοί
419 929 545 1016 πελοίχη
568 984 575 998 .
599 984 606 998 .
630 985 638 1000 .
660 935 714 998 καὶ
761 939 803 999 94
825 933 983 1016 ἐπιδιῄρει
997 932 1266 1018 τήνδοίλασσαν,
1289 935 1343 998 καὶ

132 1038 213 1098 νεῶν
232 1033 380 1117 α’ριθμδν
397 1081 404 1098 .
422 1083 429 1097 .
449 1029 522 1114 δι’μα
542 1038 715 1114 πανταχοῦ
762 1036 840 1106 ναῦς
863 1034 974 1097 ἐδίδου
995 1082 1027 1098 ..
1051 1031 1107 1096 ἵνα
1126 1033 1344 1114 πανταχόθεν

134 1183 166 1200 ..
188 1135 229 1196 τοὶ
251 1138 313 1215 μὲν
333 1134 544 1213 ἐμπίπτοντα
561 1133 714 1216 ..α’θρόα
762 1134 975 1208 α’παντοῖντες
996 1133 1183 1214 impedirent
1205 1152 1266 1215 quo
1288 1136 1344 1198 rni-

132 1231 394 1315 περιλαμβάνων.
761 1251 821 1296 nus
844 1233 1026 1313 effugerent.

216 1341 257 1404 Et
274 1341 431 1405 sententia
454 1345 487 1404 et
508 1340 610 1404 verbis
631 1342 807 1405 consentire
825 1339 963 1404 videmus
985 1347 1137 1404 auctores.
1177 1339 1343 1422 Pompeius

131 1441 241 1506 deinde
273 1459 341 1504 curn
380 1431 502 1521 partem
543 1441 637 1504 maris
672 1440 1010 1512 occidentenr,versus
1049 1442 1141 1505 sitam
1178 1459 1197 1504 a
1231 1443 1343 1522 piratis

130 1540 312 1621 liberasset,
351 1541 381 1605 in
415 1540 555 1606 Ciliciam
587 1548 696 1605 contra
712 1542 914 1622 ‘praecipuas
950 1558 1056 1606 eorurn
1088 1542 1240 1606 stationes
1272 1561 1344 1626 pro-

130 1638 230 1704 fectus
253 1645 311 1705 est.

132 1757 152 1821 l.
171 1757 206 1822 λε
237 1776 299 1822 non
321 1757 406 1837 prius
426 1756 457 1820 in
478 1756 617 1822 Ciliciam
641 1775 714 1838 pro·
762 1760 821 1822 95:
850 1776 919 1822 curn
941 1758 1041 1821 moria
1062 1808 1070 1822 .
1095 1808 1101 1820 .
1127 1807 1133 1821 .
1157 1757 1345 1836 inspexisset

131 1856 230 1921 lectus
242 1864 300 1935 est,
323 1873 415 1936 quani
427 1856 716 1922 maria..liberavit
762 1857 894 1943 ἡμέραις
909 1855 1159 1939 τεσσαράκοντα
1180 1854 1346 1939 έςῬώμην

131 1955 262 2042 ἡμέραις
275 1954 525 2035 τεσσαράκοντα
541 2005 548 2019 .
563 2007 571 2021 .
587 1955 653 2040 (27)
671 1956 716 2031 εἰς
763 1956 947 2044 παρῆλθεν.
978 1953 1062 2019 ὅθεν
1073 1958 1105 2031 ἐς
1114 1963 1310 2039 Βρεντέσιον
1320 2005 1344 2021 ..

128 2055 251 2138 Ῥῶμιχν
271 2055 444 2137 ἐνέβαινε-ν
467 2105 523 2120 ...
545 2054 590 2130 εἰς
611 2056 716 2139 Βρεν-

134 2163 241 2220 τέσιον
261 2155 467 2232 ἐξέπλευσεν.

213 2279 337 2342 Piratas
360 2285 470 2343 auternw
489 2279 588 2342 victos
611 2278 641 2342 in
665 2276 772 2342 Cilicia
792 2275 955 2341 collocavit

134 2407 195 2468 28:
238 2407 305 2475 τοῖς
339 2402 376 2464 δὲ
410 2401 541 2475 πολλοῖς
564 2450 571 2465 .
594 2400 713 2464 ἔδωκεν
762 2405 804 2466 96
814 2426 820 2466 :
844 2401 920 2473 τοδς
943 2401 983 2463 δέ
1001 2423 1090 2474 τινας
1110 2400 1165 2462 καὶ
1187 2400 1218 2472 ἐς
1232 2397 1346 2481 Δύμην

137 2502 251 2586 Δύμην
270 2501 328 2585 τήν
346 2501 478 2581 Ἀχαΐδα
501 2551 508 2566 .
530 2548 569 2566 ..
621 2537 624 2544 ·
766 2502 820 2586 τῆς
841 2500 965 2579 Ἀχαΐας
987 2501 1183 2581 ἐξέπεμπεν

133 2614 152 2676 ί.
166 2613 185 2675 ί.
197 2615 257 2674 29:
280 2607 311 2671 οἱ
327 2609 364 2670 δὲ
383 2608 537 2690 (Κρῆτες)
560 2614 715 2695 πέμψαν-
765 2609 847 2691 App.
859 2608 921 2672 Sic.
934 2613 955 2671 6
963 2629 970 2671 :
992 2606 1046 2669 καὶ
1059 2605 1090 2669 οἱ
1099 2609 1252 2692 Κρῆτες..
1265 2613 1346 2686 πέμ-

123 2732 185 2782 «τες
216 2707 395 2791 ἱκετηρίαν,
426 2714 461 2771 ut
489 2708 654 2788 Pompeius
684 2707 714 2770 in
765 2719 890 2794 ψαντες
920 2705 1065 2770 dicebant
1087 2724 1120 2770 se
1141 2705 1290 2787 Pompeio
1313 2724 1345 2766 se

134 2807 264 2872 insulam
285 2809 415 2871 veniret.
444 2806 519 2869 ὁδε
538 2805 716 2887 δεξάμενος
765 2807 968 2870 adiuncturos
996 2823 1064 2870 esse
1095 2805 1232 2869 uenienti
1263 2803 1281 2866 ὁ
1309 2803 1347 2865 δὲ

96 2963 112 2978 ,
133 2910 253 2989 ἔγραφε
272 2908 319 2986 τῷ
334 2905 491 2986 Μετέλλῳ
511 2905 642 2970 κωλύων
656 2905 716 2968 τδν
765 2905 890 2968 ἐκέλευε
925 2907 984 2969 τδν
1012 2904 1197 2983 Μέτελλον,
1232 2903 1272 2977 ὥς
1309 2903 1347 2966 οὐ

133 3006 279 3087 πόλεμον
372 3006 412 3068 ον’
431 3007 498 3090 μήν
519 3006 675 3069 ἐνέδωκεν
698 3003 715 3067 ὁ
764 3005 839 3068 δέον
871 3007 919 3068 ἔτι
947 3004 1105 3086 πολεμεῖν
1129 3054 1137 3068 .
1162 3056 1168 3068 .
1198 3001 1217 3066 o‘
1243 3005 1280 3067 δὲ
1308 3005 1347 3068 orl

133 3107 312 3186 Μέτελλος,
343 3105 428 3169 α’λλοῖ
449 3105 523 3179 τούς
545 3129 581 3167 τε
603 3128 715 3184 πειρα-
766 3109 943 3187 φροντίσας
964 3105 1115 3185 ἐπέμεινε
1136 3108 1183 3186 τῷ
1203 3105 1345 3186 πολέμῳ,

133 3207 191 3280 τα“ς
213 3206 333 3282 ἐξελεῖν
352 3203 577 3290 ἐτιμωρήσατο
598 3256 605 3271 ,
626 3255 633 3270 .
765 3213 860 3286 μέχρι
882 3203 1065 3287 ἐπηγάγετο
1083 3204 1195 3292 αδτὴν.

66 3401 70 3408 ,
219 3329 339 3393 Passim
359 3330 453 3409 igitur
468 3329 609 3392 videmus
627 3327 786 3392 Plutarchi
808 3334 841 3392 et
858 3329 990 3408 Appiani
1009 3330 1207 3393 narrationes
1228 3336 1260 3393 et
1277 3349 1346 3394 seu-

136 3430 236 3494 tentia
258 3435 290 3493 et
311 3447 404 3509 saepe
428 3428 532 3492 verbis
555 3435 587 3492 et
608 3429 829 3509 compositione
853 3428 1016 3493 verborum
1042 3435 1262 3509 congruentes,
1290 3447 1346 3492 nec

135 3530 277 3610 cuiquanr
307 3529 432 3592 dubium
455 3547 524 3592 esse
550 3533 673 3608 potest,
705 3529 780 3614 quin
805 3529 968 3609 utriusque
1002 3547 1040 3592 ex
1061 3529 1168 3594 eodem
1199 3527 1346 3593 fluxerint.

134 3629 223 3693 fonte
245 3629 422 3693 relationes.

218 3744 277 3810 Sed
302 3745 449 3809 differunt
472 3762 597 3828 quoque
624 3744 780 3808 nonnullis
809 3745 894 3809 locis.
937 3744 1122 3809 Plutarchus
1153 3744 1233 3806 enirn
1266 3745 1346 3809 hunc

132 3846 231 3910 fuisse
259 3837 334 3909 dicit
355 3846 482 3926 Pornpei
506 3846 546 3909 ad
574 3845 687 3909 bellurn
717 3847 785 3909 curn
807 3845 917 3925 piratis
946 3843 1117 3923 gerendum
1141 3851 1344 3924 apparatum:

135 3945 322 4026 quingentas
350 3964 464 4026 naues,
496 3951 618 4010 centurn
647 3945 758 4025 viginti
791 3944 875 4009 milia
906 3944 1063 4025 peditum,
1094 3943 1230 4024 quinque
1262 3945 1344 4007 inilia

137 4047 293 4130 equitum,
322 4045 433 4125 viginti
458 4052 613 4129 quattuor
640 4052 820 4126 senatores,
849 4044 927 4108 duos
953 4052 1152 4124 quaestores3
1186 4045 1345 4125 Appianus

208 4244 232 4308 1)
251 4243 426 4295 δυνατώτατοι
449 4259 558 4312 quoque
584 4246 611 4298 et
628 4245 766 4303 δυνάσταις
785 4243 820 4298 ad
840 4242 952 4297 eandem
973 4239 1144 4294 referendum
1163 4239 1345 4294 videturesse

137 4327 223 4382 fontis
242 4329 391 4382 communis
408 4328 645 4399 significationem.
