3452 5036
737 400 776 464 39

148 576 174 638 si
212 573 317 639 eodem
352 575 419 638 loco
457 575 564 664 euclem
602 581 635 640 et
664 573 852 641 Plutarchus
882 582 914 641 et
943 578 1103 658 Appianas
1135 578 1234 644 citant
1264 579 1361 642 Asinii

147 674 298 738 Pollionis
320 674 425 753 verba,
456 681 491 739 ut
520 676 582 740 iarn
609 694 705 757 supra
730 675 1022 756 demonstravimus,
1045 677 1076 742 in
1099 695 1165 740 earn
1187 680 1361 744 necessario

147 773 332 838 adducimur
357 775 554 854 sententiam,
584 776 615 839 in
640 777 795 840 communi
817 777 980 860 utriusque
1001 776 1137 840 auctoris
1158 775 1245 841 fonte
1265 777 1362 842 verba

148 873 201 936 illa
232 873 400 948 exstitisse,
432 874 462 938 in
492 893 551 954 quo
582 893 689 957 pugna
712 874 766 939 illa
786 874 968 940 Pharsalica
990 874 1096 939 Asinio
1120 875 1260 940 Pollione
1283 876 1362 942 duce

148 971 307 1050 descripta
327 977 406 1036 erat.
1426 963 1430 974 '

232 1070 415 1135 Addendum
446 1077 495 1135 est
523 1089 577 1136 eos
605 1073 650 1136 ita
681 1071 805 1136 differre
828 1077 864 1136 ut
878 1071 1073 1146 ,Plutarchus
1096 1071 1161 1156 (58)
1184 1072 1362 1154 Curionem,

149 1174 308 1253 Appianus
328 1171 377 1252 (11,
389 1175 441 1250 30)
463 1172 628 1238 Claudium
642 1171 820 1236 Marcellum
844 1171 883 1236 de
901 1172 1137 1252 proconsulibus
1158 1172 1197 1236 ad
1219 1179 1360 1240 senatum

148 1273 307 1337 rettulisse
330 1270 454 1336 aflerat.
491 1347 492 1350 Ἴ

231 1373 321 1438 Solus
343 1391 416 1435 vero
438 1370 624 1436 Plutarchus
660 1370 749 1436 docet
778 1369 900 1435 Tullum
938 1375 970 1436 et
1001 1369 1149 1436 Catonern
1180 1370 1360 1452 Pompeium

148 1472 402 1554 reprehendisse,
425 1471 508 1554 quod
532 1490 618 1552 spem
641 1490 730 1536 suam
751 1471 914 1555 fefellisset
935 1471 1018 1552 (60),
1042 1471 1240 1550 Numerium,
1268 1474 1361 1554 quia

147 1572 283 1636 Caesare
316 1571 524 1636 Brundusium
562 1572 672 1636 missos
710 1577 811 1651 esset,
848 1578 882 1636 ut
914 1572 943 1635 in
977 1572 1163 1653 colloquium
1194 1573 1361 1639 adduceret
1404 1592 1409 1598 ’

147 1671 343 1754 Pompeium,
382 1690 450 1736 cum
487 1671 539 1735 illo
578 1673 608 1735 in
640 1672 803 1736 Graeciam
838 1671 1019 1753 navigasse3
1061 1672 1226 1738 Caesarem
1258 1675 1358 1754 ipsum

146 1773 311 1852 sexaginta
332 1772 440 1836 diebus
463 1772 616 1852 sanguine
637 1773 749 1837 cilium
772 1791 831 1835 non
854 1771 951 1836 effuso
974 1772 1129 1839 dominum
1152 1772 1267 1838 lactum
1292 1792 1360 1838 esse

146 1872 257 1938 ltaliae
274 1873 356 1952 (63),
380 1873 483 1953 prime
501 1877 611 1936 contra
628 1870 791 1936 Caesarem
814 1890 846 1936 re
864 1871 942 1935 bene
956 1873 1101 1955 gestaqui
1125 1872 1256 1937 luissent
1278 1876 1359 1938 circa

147 1973 326 2053 Pompeium
356 1971 663 2046 Romanosnobiles
693 1988 837 2052 magnam
869 1972 908 2036 de
937 1979 1075 2052 ternpore
1103 1972 1211 2037 luturo
1242 1973 1359 2053 cepisse

123 2090 231 2152 ‚spem
253 2071 329 2156 (66).
373 2071 479 2136 Allata
509 2071 621 2136 deinde
647 2072 775 2136 Favonii
808 2078 839 2136 et
865 2071 986 2136 Afranii
1017 2073 1054 2136 de
1082 2072 1164 2137 bello
1194 2074 1359 2136 sententiis

144 2173 212 2254 (67)
242 2172 413 2237 Labienum
451 2191 485 2236 se
525 2173 556 2236 in
589 2179 694 2237 castra
730 2191 791 2236 non
824 2174 998 2237 rediturum
1026 2192 1094 2237 esso
1123 2174 1181 2236 nisi
1210 2173 1357 2237 victorem

145 2275 282 2338 iuratum
321 2279 442 2338 ceteros
475 2291 601 2357 quoquc
636 2273 744 2337 eodem
778 2274 983 2338 obstrinxisse
1015 2273 1215 2338 iureiurando
1246 2271 1358 2336 milites

145 2379 270 2455 narrat3
295 2373 461 2440 Caesarem
484 2379 588 2438 autem
612 2379 742 2454 propter
765 2373 912 2438 frumenti
935 2375 1069 2454 inopiam
1086 2373 1268 2437 Scotussam
1289 2391 1359 2437 ver·

144 2492 198 2540 sus
220 2473 469 2556 proficiscentem
491 2475 670 2558 Pompeium
691 2491 875 2554 aggressum
896 2492 963 2538 esse
986 2474 1060 2552 (68).

224 2574 344 2641 Contra
372 2576 532 2656 Appianas
572 2592 651 2638 unus
680 2581 806 2652 narrat,
835 2581 952 2654 quanta
981 2575 1113 2654 pecunia
1139 2579 1278 2657 quotque
1300 2571 1359 2636 mi·

143 2676 212 2740 lites
243 2675 390 2756 Pompeio
420 2675 497 2738 data
525 2675 588 2738 sint
618 2672 758 2756 (11,3d;
798 2672 926 2738 effusius
962 2679 1066 2736 autem
1104 2673 1143 2736 de
1173 2672 1355 2753 Dyrrhachii

143 2784 176 2842 et
198 2775 365 2856 Epidamni
386 2776 508 2840 nominc
530 2782 563 2839 et
584 2775 702 2854 origine
725 2774 777 2854 (Il,
797 2773 861 2854 39),
884 2775 921 2838 de
943 2773 1075 2837 navibus
1097 2791 1116 2836 a
1139 2771 1357 2856 Caesarencol-

141 2879 232 2942 lectis
267 2882 301 2940 et
338 2878 377 2942 de
405 2876 536 2941 ducibus
562 2877 606 2939 eis
635 2876 838 2957 praepositis
876 2875 976 2956 deque
1006 2874 1117 2954 opibus
1148 2872 1309 2938 Gallorum
1338 2891 1357 2936 a

142 2979 278 3044 Caesare
300 2976 455 3057 ademptis
477 2976 574 3040 verbu
596 2975 672 3039 iacit
692 2976 745 3054 (II,
762 2975 825 3056 41).
869 2974 1009 3038 Eundem
1032 2974 1219 3038 frumentum
1243 2973 1355 3054 populo

54 3149 63 3164 ,
141 3081 324 3144 dictatorem
348 3078 465 3142 dictum
482 3076 680 3141 distribuisse
702 3076 750 3157 (ll,
768 3076 822 3155 48)
845 3073 954 3154 affert3
979 3073 1018 3137 ad
1041 3081 1212 3138 extremum
1235 3075 1287 3155 (ll,
1305 3075 1356 3153 70)

140 3178 279 3260 singulas
309 3183 471 3242 enumeret
503 3176 647 3241 nationes
684 3183 716 3240 et
750 3175 846 3240 duces
879 3173 1086 3255 populorum,
1124 3173 1177 3257 qui
1209 3180 1297 3237 erant
1325 3173 1355 3236 in

139 3279 267 3361 Pompei
289 3277 436 3343 exercitu.

704 3501 786 3565 VIII.

399 3627 507 3707 Fuga
525 3631 568 3691 et
590 3642 691 3689 mors
713 3625 889 3705 Pompei.
932 3643 956 3688 c.
981 3625 1111 3688 73—80.

222 3759 318 3825 Ut'in
348 3757 504 3839 prioribus
534 3758 578 3821 ita
610 3757 641 3820 in
673 3755 730 3819 hac
758 3755 869 3819 ultima
895 3773 1020 3840 quoque
1043 3761 1132 3837 parte
1153 3755 1286 3818 maxima
1304 3760 1352 3817 est

137 3860 298 3926 Plutarchi
319 3865 351 3924 et
373 3857 505 3940 Appiani
524 3856 704 3921 similitudo.

222 3968 268 4035 Dc
289 3967 417 4048 Pompei
439 3971 539 4030 morte
561 3962 766 4028 aPtolemaei
798 3962 947 4025 ministris
969 3961 1094 4025 decreta
1115 3960 1351 4041 eandemprae-

136 4068 213 4133 beut
231 4067 419 4132 versionem:

137 4175 225 4240 Ptut
240 4176 299 4240 77:
321 4173 339 4238 ὁ
358 4178 419 4254 μὲν
441 4160 498 4241 οὖν
516 4170 720 4252 Πτολεμαῖος
768 4169 852 4253 App.
874 4166 923 4244 ΙΙ,
940 4168 1000 4229 84.·
1021 4163 1039 4227 ὁ
1060 4164 1099 4227 δὲ
1120 4163 1349 4248 (Πτολεμαῖος)

136 4264 176 4362 ἦν
194 4275 311 4360 κομιδῇ
325 4282 402 4348 νέος·
440 4276 457 4339 ὁ
481 4277 518 4339 dt
540 4269 653 4332 πάντα
674 4266 718 4329 dc·
767 4257 806 4360 ἦν
826 4271 886 4347 μὲν
905 4267 960 4330 ἐπὶ
982 4263 1191 4345 τρισκαίδεκα
1213 4265 1267 4348 ἔτη
1286 4264 1348 4346 μα’-
