3434 5040
939 353 942 360 ¹
972 399 1013 462 ιι

474 563 1612 661 Mfflhfflmmwmmmmffitfflmmffimd

386 671 1614 756 &mmmmmmmmmmmfflwwfflmhwwaew-

390 784 489 840 torern
512 777 597 840 illurn
621 794 734 856 graeca
754 793 845 839 usurn
868 793 936 838 esse
958 773 1063 848 lingua
1080 772 1168 835 nohis
1188 789 1372 852 persuasum
1397 778 1453 834 est.
1498 770 1613 850 Oppio

390 875 501 939 deinde
525 875 701 938 Thouretus
728 875 758 936 in
781 879 921 938 extrerna
944 871 1155 953 disputatione
1177 871 1206 932 in
1229 871 1328 950 prinra
1352 869 1494 934 Caesaris
1520 871 1615 932 vitae

389 962 1615 1054 pmwmfflmwfflmmmmmffiuffimmumoemm-

389 1069 1615 1153 mmmmmmumfflmmmfflmmmmmffifflffln

388 1167 1614 1252 tmwmmmmmwmbfflfflmmmfflMw

389 1271 481 1334 ctiam
512 1270 665 1335 Rutilium
694 1269 809 1334 Rufum
820 1269 855 1352 2),
880 1272 932 1350 qui
952 1286 1067 1349 graeco
1093 1269 1218 1348 scripsit
1240 1268 1399 1332 historiam
1421 1271 1528 1351 populi
1557 1292 1614 1336 ro-

388 1367 1610 1451 mwiafflmudomnfflmfflmmeuespffifflmmdiufflaboem

386 1489 410 1534 c.
429 1473 483 1533 37:
506 1467 678 1552 Θεοφάνης
699 1470 737 1532 δὲ
757 1469 812 1531 καὶ
832 1469 1003 1533 Ῥουτιλίου
1024 1468 1117 1550 λόγον
1139 1463 1318 1551 εὑρεθῆναί
1338 1490 1417 1553 φησι
1439 1478 1611 1554 παροξυν-

385 1569 477 1632 τικόν
499 1570 555 1632 ἐπὶ
577 1569 638 1650 τήν
655 1569 825 1651 α’ναίρεσιν
841 1573 907 1632 τῶν
927 1570 962 1632 ὲν
977 1570 1064 1653 Ἀσίρι
1076 1570 1246 1648 Ῥωμαίων.
1281 1567 1318 1634 “0
1336 1570 1439 1646 καλῶς
1460 1571 1612 1651 εἰκάζου-

386 1686 439 1730 σιν
460 1666 491 1731 οἱ
511 1668 663 1731 πλεῖστοι
683 1666 898 1752 κακοήθευμα
919 1673 978 1732 τοῦ
1000 1660 1294 1751 Θεοφάνουςεῖναι,
1317 1669 1404 1749 τάχα
1424 1675 1486 1751 μὲν
1505 1674 1611 1736 οὐδὲν

385 1765 474 1852 αὐτῷ
495 1767 553 1830 τόν
571 1766 741 1830 Ῥουτίλιον·
758 1767 886 1831 ἐοικότα
899 1772 1080 1849 μισοῦντος,
1104 1766 1187 1840 εἰκός
1208 1768 1247 1830 δὲ
1265 1769 1319 1831 καὶ
1338 1770 1394 1832 oia*
1412 1773 1609 1854 Πομπήϊον,

385 1855 426 1930 οὗ
445 1868 503 1929 τόν
513 1867 640 1946 πατέρα
650 1867 870 1950 παμπόνηρον
880 1869 1056 1944 α’πέόειξεν
1076 1867 1093 1930 ὁ
1111 1867 1276 1942 Ῥουτίλιος
1293 1869 1327 1931 ἐν
1348 1873 1420 1944 ταῖς
1437 1869 1609 1952 ἱστορίαις.

390 1966 1609 2048 Hmmffifflmbfflfflwfflhmmfflmffimmfflu

389 2065 1608 2148 fflmmmmmffimfflmfflmmfflmmffimmfflmums

387 2165 1608 2249 umwmmemfflmMffiumoeffimeaemmw

386 2264 437 2344 qui
462 2265 550 2330 novit
563 2263 790 2344 Theophanem,
813 2264 890 2330 haec
911 2265 1056 2346 praebuit
1069 2265 1247 2328 Plutarcho.
1290 2265 1399 2347 Neque
1422 2268 1458 2330 de
1481 2275 1608 2349 ternpo-

385 2364 485 2442 ribuS,
512 2363 684 2444 dequibus
713 2365 904 2445 disputatur,
934 2365 1067 2429 Rutilius
1094 2367 1235 2446 scripsit,
1266 2385 1372 2446 quern,
1402 2385 1469 2430 curn
1493 2370 1608 2432 a.13d

387 2462 532 2526 tribunus
555 2464 685 2528 militurn
708 2473 803 2542 esset,
831 2466 991 2546 usquead
1015 2472 1184 2530 extremum
1207 2465 1318 2529 bellurn
1342 2465 1515 2544 Sullanum,
1539 2487 1606 2533 non

385 2563 426 2626 ad
449 2562 562 2626 bellurn
585 2565 667 2627 inter
686 2566 867 2646 Pompeium
891 2572 923 2631 et
943 2565 1110 2632 Caesarem
1133 2571 1255 2644 gestum
1279 2567 1391 2630 vixisse
1411 2577 1466 2630 aut
1490 2569 1519 2631 in
1545 2569 1607 2635 hoc

385 2660 466 2724 hello
490 2662 692 2728 describendo
715 2684 865 2730 summam
881 2674 1071 2730 senectutem
1089 2667 1244 2747 peregisse
1262 2664 1427 2730 verisimile
1439 2673 1497 2730 est.
1537 2668 1605 2734 Sed

386 2761 1606 2850 ffiwmffiummwfflffifflmmumfflmufflmmu

395 2858 1605 2950 mfflmmwffimhmefflfflmwafflmfflmfflwmffiffie

385 2960 1605 3049 mhmhmffiwhmmmmmmmmmmmmmfflmm.

467 3075 649 3143 Posidonius
688 3080 799 3144 deinde
834 3084 948 3147 citatur
986 3101 1011 3146 c.
1043 3087 1081 3146 42
1114 3081 1162 3146 his
1203 3082 1322 3145 verbis:
1363 3082 1397 3144 ἐν
1430 3081 1468 3144 δὲ
1500 3081 1605 3166 Ῥόδῳ

384 3173 554 3256 γενόμενος
586 3178 722 3241 πάντων
754 3185 816 3262 μὲν
855 3180 1041 3268 ἠκροάσατο
1079 3184 1143 3243 τῶν
1184 3183 1351 3262 σοφιστῶν
1384 3183 1438 3244 καὶ
1473 3182 1607 3266 δωρεάν

386 3274 514 3355 ἑκάστῳ
553 3277 715 3344 ια’λαντον
757 3281 866 3344 ἔδωκε·
919 3280 1135 3355 Ποσειδώνιος
1178 3281 1214 3343 δὲ
1249 3281 1302 3343 καὶ
1342 3282 1402 3365 τήν
1441 3282 1606 3362 α’κρόασιν

385 3373 581 3467 α’νέγραψεν,
610 3377 650 3462 ἣν
672 3383 768 3460 ἔσχεν
798 3384 851 3444 ἐπ’
879 3382 982 3446 αὐτοῦ
1009 3384 1090 3464 πρός
1109 3379 1331 3463 Ἑρμαγόραν.
1350 3431 1383 3446 ..
1408 3412 1444 3428 ψ
1470 3382 1516 3446 De
1536 3401 1603 3465 quo

454 3580 479 3648 1)
499 3580 562 3650 Ipsa
588 3581 731 3636 Plutarchi
755 3584 837 3638 verbo
857 3603 878 3638 c.
892 3586 932 3640 11.
958 3585 1044 3640 talem
1069 3586 1234 3641 sentent-iam
1262 3585 1406 3640 refellunt:
1425 3586 1479 3637 ἀλλ’
1495 3584 1602 3657 Ὀππίῳ

386 3667 441 3726 μίν,
463 3667 524 3718 όταν
543 3671 600 3740 περὶ
619 3669 670 3720 τῶν
689 3671 817 3742 Καίσαρος
837 3673 962 3733 πολεμίοιν
980 3671 997 3740 ἢ
1013 3675 1089 3734 φίλων
1109 3674 1264 3738 διαλέγηται,
1290 3673 1385 3742 σφόδρα
1408 3673 1446 3722 δεῖ
1470 3674 1602 3723 πιοτειῖιιν

386 3754 452 3814 μετα
477 3756 615 3820 εὐλαβείας.
641 3789 673 3796 -
698 3757 782 3811 Porro
807 3757 909 3812 citatur
936 3759 1039 3829 Oppius
1066 3777 1083 3813 a
1108 3758 1181 3813 Plut.
1204 3757 1279 3812 Caes.
1296 3758 1339 3811 17:
1366 3761 1393 3810 ἐν
1418 3759 1543 3832 ἐκείνῃσί
1564 3760 1602 3833 τῇ

389 3847 510 3910 στρατείᾳ
535 3844 732 3911 προσεξήσκησεν
763 3844 930 3907 ἱππαζόμενος
956 3848 1002 3906 τός
1024 3845 1158 3904 ἐπιστολάς
1183 3845 1347 3915 ὑπαγορεύειν
1371 3845 1412 3894 καὶ
1441 3845 1512 3896 δυσὶν
1535 3843 1601 3904 ὁμοῖν

386 3929 524 3996 γράφουσιν
542 3931 666 3996 ἐξαρκεῖν,
691 3930 722 3983 αλδ
741 3932 768 3982 δέ
781 3931 890 3992 Ὄππιός
907 3954 980 3999 φησι,
1004 3935 1045 3983 καὶ
1067 3933 1170 3984 πλείοσι.
1209 3963 1237 3970 -
1275 3931 1372 3984 Totam
1393 3948 1456 3984 eum
1475 3930 1602 3985 Caesaris

387 4011 473 4066 vitam
493 4017 625 4070 tractasse
644 4019 725 4085 putat
743 4017 903 4084 Teuffelius,
922 4022 1027 4087 partem
1047 4019 1121 4072 vitae
1140 4017 1301 4072 Thouretus.

456 4107 482 4178 2)
502 4108 528 4162 Is
547 4114 596 4174 est,
615 4111 663 4178 qni
680 4128 704 4166 a.
717 4113 749 4165 92
768 4113 980 4182 repetundarum
1000 4114 1143 4166 accusatus
1152 4111 1273 4180 patriam
1284 4111 1397 4180 reliquit
1417 4116 1445 4166 et
1463 4111 1601 4180 Smyrnae

388 4191 543 4259 habitabat,
569 4195 708 4252 Posidonii
735 4199 923 4263 amicissimus,
948 4201 995 4266 qui
1019 4198 1048 4250 in
1067 4197 1137 4251 libro
1162 4215 1218 4261 suo,
1242 4198 1290 4266 qui
1308 4197 1466 4252 inscribitur
1482 4202 1515 4250 τα·
1531 4203 1600 4260 μετα·

388 4280 525 4349 Πιλίβιοι,
545 4283 644 4340 Rutilii
653 4304 720 4357 opus
737 4287 771 4341 de
790 4287 831 4340 sui
839 4285 971 4356 temporis
983 4285 1046 4340 viris
1056 4286 1085 4338 ct
1099 4283 1179 4338 rebus
1189 4283 1273 4353 gestis
1282 4288 1347 4339 unte
1356 4285 1448 4340 oculo
1467 4284 1600 4340 habebat.
