3452 5036
728 407 768 470 23

224 597 438 679 Conrplurium
453 594 639 674 scriptorum
657 586 878 648 auctoritatem
899 580 1011 646 afferre
1031 582 1170 647 videtur:
1193 602 1218 648 c.
1239 585 1290 649 11:
1313 585 1351 648 de

140 699 266 779 Pompei
294 702 404 762 contra
429 693 596 758 Domitium
628 689 657 751 in
686 685 789 749 Africa
817 683 990 748 actionibus
1018 687 1182 766 συμβῆναι
1203 684 1241 747 δὲ
1262 683 1352 765 αὐτῷ

140 799 279 879 πρᾶγμα
298 795 422 877 γελοῖον
444 791 675 873 ἱστοροῦσί.
970 789 976 797 ’

223 923 247 968 ο.
273 908 322 967 12:
341 905 424 983 Ιταῖς
446 899 484 962 δὲ
505 895 647 974 πάσαις,
674 889 724 966 ὥς
747 909 866 976 φασι,
895 889 1144 970 τεσσαράκοντα
1162 888 1238 963 τούς
1258 890 1352 954 πολε-

139 1009 231 1086 μίους
253 1001 407 1067 avesnia·

222 1115 246 1168 c.
271 1105 326 1170 13:
355 1103 394 1167 de
416 1097 597 1179 cognomine
618 1093 735 1173 Magno
757 1091 904 1171 Pompeio
935 1090 1043 1155 addito
1066 1091 1170 1173 ἕτερον
1190 1090 1230 1154 δέ
1249 1109 1352 1174 φασιν

139 1208 175 1270 ἐν
193 1202 303 1288 Λιβύῃ
325 1204 457 1283 πρῶτον
477 1195 685 1279 ἀναφώνημα
702 1243 732 1256 ..
754 1195 920 1273 γενέσθαι.

220 1311 321 1376 cll:
352 1302 390 1365 de
412 1296 566 1377 triumpho
590 1294 727 1375 Pompei,
752 1310 842 1376 quem
865 1291 951 1356 Sulla
974 1291 1025 1371 agi
1047 1295 1199 1370 vetuerat,
1222 1291 1352 1355 πολλῶν

138 1405 176 1468 δὲ·
203 1375 483 1485 δυσχοραινόντων
513 1397 566 1458 καὶ
590 1391 878 1476 α’γανακτουντων,
910 1393 958 1455 ἔτι
978 1391 1103 1474 μᾶλλον
1133 1391 1268 1472 αὐτούς,
1301 1389 1351 1466 ὥς

138 1523 257 1587 φασι,
280 1499 477 1584 βουλόμενος
496 1497 605 1560 delun.

164 1674 166 1679 ,
221 1603 266 1666 De
289 1601 366 1665 Gaio
389 1599 489 1679 Oppio
517 1596 651 1675 denique
680 1613 705 1658 c.
730 1595 769 1658 10
798 1593 895 1657 citato
923 1593 953 1656 in
976 1591 1037 1656 fine
1067 1592 1187 1672 operis,
1222 1610 1284 1672 quo
1312 1593 1349 1659 de

138 1701 249 1768 ceteris
277 1697 459 1764 auctoribus
490 1692 697 1759 aPlutarcho
725 1693 904 1757 memoratis
926 1691 1054 1773 dicitur,
1086 1691 1173 1757 nobis
1197 1692 1348 1758 disseren-

138 1801 211 1865 dum
234 1807 292 1865 est.

722 1999 761 2063 ll.

290 2223 294 2230 .
399 2141 875 2242 BellumlfSertorianum.
907 2158 932 2204 c.
957 2140 1086 2204 17-20.

94 2287 97 2294 '
138 2285 223 2349 Pone.
238 2288 300 2348 20:
326 2282 491 2364 Pompeius
512 2284 554 2346 ed
577 2282 719 2347 πλείστα
768 2281 945 2346 Sallustios
956 2305 1002 2367 ep.
1013 2281 1137 2373 Pomp:
1160 2301 1272 2364 ...ego
1282 2303 1347 2347 rem

136 2387 201 2446 τῶν
222 2381 314 2446 ἰδίων
336 2383 542 2466 ἐξανηλωκοίς
563 2401 582 2446 a
605 2387 718 2447 senatu
768 2381 949 2446 familiarem
975 2432 982 2446 ‚
1006 2383 1181 2463 consumpsi
1204 2432 1211 2446 .
1233 2432 1266 2447 ..
1289 2384 1347 2446 nisi

136 2484 300 2564 pecuniam
322 2484 418 2564 petit,
452 2482 494 2557 οἱς
520 2481 720 2567 ἀφιξόμενος
768 2481 938 2546 subvenitis
961 2531 968 2546 .
991 2531 998 2546 .
1021 2483 1174 2546 exercitus
1196 2482 1268 2548 hinc
1287 2533 1346 2548 ...

136 2581 180 2657 εἰς
199 2582 340 2646 Ἰταλίαν
359 2584 445 2664 peuri?
472 2585 528 2669 τῆς
550 2581 720 2664 δυνάμεως
768 2583 798 2646 iu
821 2581 943 2646 Italiam
969 2582 1250 2662 transgredientur.

137 2680 167 2745 εἰ
185 2682 232 2768 μή
253 2690 425 2764 πέμποιεν.

216 2799 363 2880 Magnam
393 2801 554 2881 utriusque
583 2801 719 2866 auctoris
752 2817 821 2863 esse
850 2798 1080 2862 similitudinem
1111 2799 1140 2865 in
1173 2799 1221 2863 his
1253 2800 1345 2866 rebus

134 2898 319 2963 enarrandis
338 2904 479 2979 apparet.

216 3014 319 3079 Maius
342 3035 414 3080 vero
436 3017 509 3081 mibi
538 2999 595 3081 hoc
615 3033 738 3098 quoque
757 3016 824 3080 loco
852 3016 1042 3080 commodum
1072 3017 1141 3098 capi
1165 3016 1285 3081 videtur
1306 3037 1342 3082 ex

132 3114 292 3179 Plutarchi
316 3121 348 3179 et
370 3116 504 3196 Appiani
527 3115 791 3197 descriptionibus
814 3118 1013 3195 comparatis.

210 3231 244 3293 ln
266 3232 334 3313 ipsa
356 3232 454 3312 igitur
474 3251 493 3296 a
513 3230 594 3297 bello
616 3234 696 3298 civili
719 3233 765 3297 ad'
783 3233 897 3297 bellum
920 3233 1129 3314 Hispaniense
1150 3234 1340 3299 narrandum

132 3331 317 3395 transitione
339 3331 480 3397 similiter
503 3342 686 3399 versantur:
914 3339 919 3352 “

130 3445 214 3509 Plnt.
238 3452 296 3511 17:
332 3449 471 3528 ἔσχατον
493 3450 624 3534 νόσημα
645 3456 709 3517 τῶν
759 3455 842 3538 App.
854 3454 883 3533 I,
893 3459 973 3518 108:
995 3453 1111 3516 λοιπόν
1133 3454 1161 3515 d’
1180 3453 1252 3516 ἐστὶ
1274 3457 1340 3516 τῶν

128 3545 295 3628 ἐμφυλίων
315 3547 476 3630 πολέμων.
759 3554 920 3619 Συλλείων
954 3554 1052 3633 ἔργων
1086 3553 1124 3616 ad
1157 3557 1338 3633 Σερτωρίου

758 3702 765 3716 .
789 3703 795 3717 .
817 3652 848 3715 εἰ
868 3653 915 3740 μή
937 3653 1079 3716 δείσασα
1100 3653 1121 3736 ἡ
1139 3652 1241 3737 βουλὴ
1264 3701 1294 3716 ..

210 3762 255 3825 De
279 3765 491 3844 magnitudine
513 3767 634 3847 quidem
661 3767 732 3832 belli
753 3777 784 3833 et
806 3769 845 3833 de.
871 3769 1005 3850 perieulo
1027 3770 1058 3833 in
1078 3769 1136 3835 hoc
1158 3770 1238 3834 bello
1261 3771 1335 3834 sub·

128 3863 230 3926 eundo
252 3862 391 3929 Sallustii
414 3851 537 3950 ouocfue
560 3867 702 3934 conferas
723 3870 812 3950 frgm.
837 3871 859 3949 l,
882 3872 940 3934 56:
965 3871 1091 3951 segnior
1112 3888 1211 3950 neque
1233 3871 1333 3934 minus

124 3962 229 4038 gravis
252 3965 284 4025 et
306 3964 466 4045 multiplex
489 3985 564 4031 cura
585 3976 691 4048 patres
713 3970 884 4035 exercebat.

124 4076 209 4141 Ptol.
237 4079 274 4142 P.
297 4085 353 4145 18:
391 4083 504 4183 ἐντεῖδε
533 4084 704 4167 Πομπήιος
753 4089 836 4168 App.
852 4095 929 4153 109:
950 4085 1117 4168 Λαύρωνα
1131 4087 1235 4166 πόλιν,
1258 4089 1332 4172 ἐφυ-

123 4189 442 4264 καταπιμπραμέννμ·
496 4183 555 4269 τήν
607 4183 703 4248 πόλιν
752 4191 870 4265 ροῖντος
905 4187 1007 4249 αὐτοῦ
1035 4188 1212 4268 Πομπηΐου
1247 4187 1331 4274 derio·

123 4276 313 4360 (Λαύρωνα)
336 4279 438 4344 αὐτοῦ
458 4282 625 4363 παρόντος.
751 4306 841 4349 πασε
863 4289 917 4350 καὶ
934 4283 1122 4374 διέσκαψὲν.
