3452 5036
974 455 993 514 6
1100 491 1104 498 .

386 654 484 716 usque
516 635 555 698 ad
595 632 745 714 proelium
777 630 977 712 Philippense
988 634 1020 709 ¹).
1076 632 1161 694 Duae
1199 629 1296 708 igitur
1329 631 1485 694 versiones
1519 626 1592 690 belli

386 736 483 801 civilis
513 733 602 798 nohis
631 731 768 797 traditae
798 739 893 810 sunt,
923 731 1022 796 altera
1051 728 1194 795 Caesaris
1218 731 1461 812 commentariis,
1492 723 1592 794 altera

385 835 484 901 Asinii
504 833 651 898 historiis.

482 935 517 998 ln
547 932 681 998 secundo
709 932 812 1013 operis
839 931 940 1012 capite
963 930 1136 995 Thouretus
1165 931 1195 994 in
1219 928 1379 994 Plutarchi
1403 937 1434 993 et
1458 930 1592 1011 Appiani

386 1033 424 1098 de
451 1033 530 1098 hello
561 1031 642 1098 civili
672 1033 789 1113 scripta
812 1031 960 1112 inquirit,
989 1047 1069 1111 quae
1091 1049 1128 1094 ex
1149 1031 1254 1094 Asinio
1276 1030 1412 1094 Pollione
1436 1036 1591 1110 tamquam

387 1151 425 1198 ex
454 1135 540 1198 lente
574 1129 742 1196 defluxisse
770 1130 919 1212 primario
951 1131 1011 1195 viri
1038 1130 1121 1194 docti
1150 1136 1272 1211 putant.
1325 1130 1458 1194 Tantum
1488 1139 1593 1194 autem

385 1237 487 1316 abest,
510 1239 545 1296 ut
566 1233 754 1297 sententiam
775 1228 859 1295 illam
882 1228 921 1293 ah
941 1229 1082 1295 omnibns
1101 1228 1166 1293 lere
1184 1231 1258 1294 viris
1275 1230 1386 1308 doctis,
1409 1231 1461 1311 qui
1478 1231 1516 1294 de
1535 1229 1594 1294 hac

386 1352 420 1399 re
443 1333 648 1414 scripserunt,
671 1332 834 1412 probatam
854 1337 1020 1414 sequatur,
1043 1334 1078 1394 ut
1098 1329 1290 1394 demonstret
1312 1337 1344 1394 et
1367 1339 1533 1410 utrumque
1555 1349 1593 1394 ex

386 1433 446 1498 alio
481 1432 567 1496 fonte
603 1433 754 1496 communi
785 1449 894 1512 graece
927 1431 1045 1511 scripto
1078 1429 1219 1494 hausisse
1252 1435 1284 1494 et
1316 1429 1518 1494 Plutarchum
1554 1449 1593 1496 ne

385 1533 509 1597 novisse
536 1531 661 1612 quidem
684 1528 835 1595 Pollionis
863 1530 1009 1594 historias
1041 1534 1138 1612 atque
1167 1546 1221 1594 eas
1248 1529 1355 1609 lingua
1377 1547 1490 1610 graeca
1512 1549 1594 1596 com-

387 1632 508 1713 positas
536 1647 605 1695 esse
631 1631 800 1712 putavisse.
851 1630 952 1710 Quam
976 1630 1161 1693 sententiam
1185 1629 1333 1694 Thourcti
1355 1631 1479 1710 optimis
1503 1649 1595 1712 argu·

388 1731 502 1796 mentis
531 1729 762 1811 comprobatam
794 1729 934 1795 refutare
965 1729 1086 1794 studuit
1108 1729 1248 1793 Basiner.
1298 1731 1340 1792 At
1367 1749 1433 1794 earn
1457 1731 1595 1797 defendit

388 1829 607 1912 ludcichiusp.
1399 1853 1400 1857 ¹
1584 1841 1586 1844 ’

470 1929 609 2008 Quorum
640 1929 795 1993 sententia
823 1935 860 1992 ut
888 1927 1037 2010 exemplis
1066 1930 1175 1994 melius
1203 1931 1393 2012 illustretur,
1427 1947 1464 1995 ea
1484 1931 1593 2011 affero,

390 2047 472 2112 quae
494 2029 533 2094 de
555 2046 681 2093 recensu
703 2045 784 2092 anno
807 2033 865 2092 726
889 2033 959 2092 acto
982 2029 1188 2094 aPlutarcho
1212 2035 1244 2095 et
1263 2031 1404 2112 Appiano
1422 2032 1595 2097 dictasunt

388 2138 420 2196 et
443 2147 524 2211 quae
546 2129 604 2192 viri
626 2128 708 2192 docti
730 2127 768 2191 de
789 2128 837 2192 his
860 2128 935 2192 locis
957 2127 1238 2209 disputaverunt8).
1283 2129 1458 2195 Thouretus
1473 2132 1595 2213 quidem

388 2237 437 2312 et,
468 2230 521 2312 qui
550 2246 617 2293 eum
646 2227 773 2308 laudat,
805 2228 980 2292 ludcichius
1008 2247 1131 2293 errasse
1153 2229 1260 2293 dicunt
1283 2237 1315 2294 et
1338 2229 1537 2296 Plutarchum
1562 2241 1594 2297 et

386 2331 574 2412 Appianum,
596 2329 649 2409 qui
671 2344 738 2391 cum
761 2327 812 2393 CL
831 2326 953 2391 milibus
972 2329 1081 2392 civium
1101 2346 1120 2390 a
1138 2329 1273 2393 Caesare
1290 2329 1373 2394 bello
1388 2329 1469 2394 civili
1483 2337 1593 2396 exacto

387 2431 576 2495 frumentum
604 2428 711 2492 datum
734 2434 833 2506 esset,
863 2445 1026 2491 numerum
1048 2428 1157 2492 civium
1180 2447 1217 2492 ex
1240 2428 1376 2495 CCOXX
1399 2430 1522 2498 milibus
1545 2448 1594 2496 re-

387 2531 510 2595 dactum
541 2547 610 2592 esse
638 2527 720 2591 bello
743 2527 824 2592 civili
848 2527 878 2590 in
903 2528 953 2592 OL
976 2526 1061 2591 milia
1084 2527 1223 2593 doceant.
1267 2531 1309 2592 At
1331 2530 1494 2607 Suetonius
1518 2529 1594 2594 Cae·

388 2648 489 2695 sarem
510 2647 592 2692 anno
615 2632 674 2692 708
702 2645 862 2692 numerum
884 2628 1075 2693 frumentum
1099 2628 1313 2710 accipientium
1341 2647 1379 2692 cx
1400 2629 1508 2711 viginti
1531 2636 1593 2694 tre-

388 2731 553 2812 centisque
581 2728 717 2809 milibus,
749 2746 826 2809 quos
855 2746 911 2792 sun
940 2728 1005 2792 iure
1027 2728 1205 2792 Thouretns
1235 2735 1338 2792 nronet
1365 2745 1447 2792 anno
1472 2731 1531 2795 708
1557 2749 1594 2795 en

388 2828 529 2895 Suetonii
557 2827 659 2892 verbis
688 2828 775 2891 vivos
804 2834 949 2908 putemus
974 2844 1098 2891 necesse
1122 2843 1207 2906 esse,
1238 2827 1279 2890 ad
1302 2834 1422 2893 centum
1445 2831 1595 2911 quinqua-

389 2930 478 3010 ginta
526 2928 609 2992 milia
654 2927 825 2991 retraxisse
868 2926 977 2990 tradit.
1046 2927 1178 2990 Errasse
1221 2927 1317 3005 igitur
1364 2933 1449 2992 recte
1490 2936 1595 2994 monet

389 3027 566 3093 Thouretus
581 3027 784 3091 Plutarchum
807 3032 839 3090 et
857 3025 1044 3108 Appianum,
1066 3043 1132 3089 cum
1155 3031 1275 3090 tantum
1299 3045 1460 3091 numerum
1483 3030 1594 3093 civium

284 3169 287 3174 -
388 3127 470 3192 bello
500 3126 582 3192 civili
611 3128 740 3209 periisse
772 3127 886 3192 dicant.
937 3126 1068 3190 Basiner
1097 3131 1201 3190 autem
1232 3125 1344 3191 CLXX
1373 3129 1457 3191 milia
1483 3129 1592 3193 civium

390 3227 602 3296 Romanorum
640 3226 721 3292 bello
760 3227 838 3290 civili
872 3226 988 3290 occisos
1018 3243 1086 3290 esse
1113 3232 1220 3306 putat,
1258 3244 1386 3306 quorum
1419 3229 1484 3293 vice
1513 3229 1595 3292 idem

388 3343 533 3391 numerus
571 3324 728 3391 hominurn
766 3327 797 3389 in
834 3326 943 3390 urbem
981 3322 1179 3402 confinxerim
1218 3345 1280 3407 qua
1317 3345 1349 3390 re
1384 3327 1498 3392 factum
1527 3345 1595 3392 esse

460 3525 484 3595 1)
511 3523 575 3593 lpse
599 3524 709 3576 demum
734 3523 815 3577 initio
842 3522 909 3578 belli
929 3522 1017 3576 civilis
1035 3523 1159 3577 Asinium
1186 3523 1222 3578 ad
1241 3524 1382 3579 Caesarem
1402 3541 1430 3579 se
1449 3525 1596 3580 contulisse

389 3629 439 3666 nec
457 3611 538 3666 rebus
557 3611 592 3664 ab
610 3627 642 3665 eo
660 3610 690 3663 in
707 3609 798 3665 Gallia
816 3610 899 3680 gestis
917 3609 1072 3664 interfuisse
1090 3610 1168 3664 docet
1185 3610 1340 3664 Thouretus
1359 3628 1383 3679 p.
1400 3609 1500 3677 330sq.

458 3714 485 3782 2)
512 3714 556 3768 W.
575 3714 700 3782 ludeieh,
721 3713 819 3768 Caesar
837 3714 873 3767 im
892 3713 1000 3779 Omont,
1027 3713 1097 3767 Krit.
1115 3713 1277 3768 Ucbersicht
1296 3715 1342 3768 der
1360 3713 1517 3783 Ereignisse
1535 3731 1595 3768 vom

390 3805 413 3857 9.
432 3802 504 3871 Aug.
522 3801 556 3855 48
575 3800 616 3854 bis
635 3799 695 3854 Oet.
711 3800 753 3854 47.
787 3799 898 3869 Leipzig
918 3799 991 3865 1885,
1010 3818 1035 3868 p.
1053 3799 1163 3854 33-38.

459 3905 485 3972 3)
511 3904 545 3958 cf.
565 3903 679 3958 Basiner
697 3921 722 3972 p.
740 3905 762 3957 7.
800 3903 873 3956 Plut.
892 3903 965 3957 Caes.
985 3903 1027 3956 55.
1062 3902 1131 3972 App.
1151 3903 1186 3963 ll,
1205 3902 1260 3956 102.
1296 3902 1384 3957 Plut:
1409 3904 1474 3964 μετα·
1500 3905 1527 3954 δέ
1549 3905 1596 3965 τὰς

390 3996 454 4051 θέας
476 3996 613 4057 γενομένων
638 3991 763 4058 τιμήοεων
786 3990 845 4041 rival
868 3991 919 4041 τῶν
945 3995 1075 4060 προτέρων
1101 3991 1168 4040 δυεῖν
1194 3991 1234 4039 καὶ
1255 3989 1390 4060 τριάκοντα
1409 3991 1539 4057 μυριάδων
1557 3992 1596 4046 ἐξ·

390 4078 543 4145 ητάοθηααν
561 4079 590 4126 αἴ
605 4077 688 4128 πᾶσαν
705 4077 890 4128 πεντεκαίδεκα.
924 4077 1081 4144 Tabudium
1100 4075 1216 4142 ἡοτολαις
1228 4076 1401 4144 ἀπειργάσατο
1414 4077 1542 4142 ουμοοροὲν
1555 4080 1595 4127 καὶ

391 4164 509 4216 τοσοῦτον
531 4164 681 4215 ἀπανάλωσε
702 4164 746 4214 τοῦ
765 4164 845 4230 δήμου
863 4169 935 4232 μέρος
953 4203 959 4215 .
979 4203 1010 4216 ..
1045 4162 1130 4231 App:
1155 4164 1182 4212 τὸ
1202 4162 1228 4212 dd
1248 4161 1293 4212 τοῦ
1317 4163 1398 4228 (λήνων
1416 4162 1517 4230 πλῆθος
1533 4162 1595 4214 α’να-

390 4251 563 4319 γραψοίμενος,
590 4254 615 4309 ἐς
637 4249 715 4318 ἥμισυ
741 4251 840 4314 λέγεται
865 4248 915 4300 τῶν
939 4251 989 4318 πρὸ
1012 4247 1085 4300 acida
1103 4246 1149 4299 τοιῖ
1167 4249 1275 4310 πολέμου
1291 4255 1429 4314 γενομένων
1448 4249 1534 4318 εὑρεῖν,
1572 4251 1597 4307 ἐς

389 4337 508 4391 τοοοῖτον
526 4337 642 4390 καθεῖλεν
660 4337 676 4410 ἦ
694 4336 773 4392 τῶνδε
793 4337 924 4400 φιλονεικία
942 4337 989 4407 τήν
1005 4336 1086 4390 πόλιν.
