3452 5036
707 409 747 472 43

122 589 223 654 ciuilio
251 593 381 668 peracto
409 604 502 667 opere
528 604 583 650 suo
613 586 804 668 complexum
827 605 896 650 esse
907 589 938 665 ¹).
982 585 1099 650 Graece
1129 589 1234 649 autem
1264 602 1333 648 eum

122 687 285 769 scripsisse
307 686 381 752 locis
404 687 538 768 Appiani
560 686 762 752 etPlutarchi
782 686 905 752 collatis
921 703 1011 750 nemo
1031 684 1169 766 negabit.
1210 683 1257 746 Ex
1275 683 1334 748 eis-

121 787 192 851 dem
215 786 290 852 loeis
306 793 440 866 apparet
462 785 561 850 Asinii
589 792 623 851 et
645 785 793 851 (laeseris
812 785 936 850 uomina
958 790 990 848 et
1011 784 1129 865 scripta
1151 781 1191 846 ab
1209 788 1334 847 auctore

121 885 177 949 illo
199 902 312 965 graeco
333 885 432 948 citata
453 901 531 948 esse.

205 991 269 1055 lam
281 1008 355 1054 vero
371 990 514 1072 quisnam
529 987 623 1053 luerit
637 989 770 1068 scriptor
786 986 837 1052 ille
852 986 1063 1069 quaerendum
1076 991 1134 1066 est,
1148 991 1213 1050 eta
1230 984 1335 1050 multis

121 1090 246 1171 quidem
268 1089 345 1152 viris
368 1087 467 1152 doctis
477 1088 601 1152 Asinius
623 1087 693 1152 lons
715 1087 885 1151 communis
907 1084 1067 1149 Plutarchi
1088 1091 1121 1149 et
1139 1085 1281 1166 Appiani,
1301 1089 1336 1150 ut

121 1207 216 1270 snpra
239 1189 380 1268 vidimus
403 1186 609 1251 existimatur.
653 1189 696 1248 ht
720 1185 756 1248 H.
778 1185 871 1249 Peter
893 1190 1000 1248 censet
1019 1183 1200 1250 Sallustium
1224 1203 1242 1248 ο
1263 1183 1335 1247 Plu-

123 1288 230 1352 tarcho
248 1293 280 1351 et
301 1288 332 1349 in
352 1286 415 1349 vito
428 1285 556 1370 Pompei
576 1295 608 1349 et
630 1286 660 1348 in
683 1284 751 1348 aliis
766 1285 839 1348 vitis
854 1301 1035 1364 expressum
1049 1301 1125 1348 esse.
1163 1283 1336 1364 Alios'quo·

123 1407 183 1470 que
211 1385 343 1468 proferri
374 1384 446 1449 licet
475 1386 644 1466 scriptores
674 1383 881 1448 aPlutaroho
909 1385 1038 1461 citatos,
1067 1383 1201 1465 Oppium
1228 1383 1335 1465 Pomp.

123 1507 146 1552 c.
164 1490 211 1568 10,
240 1485 388 1550 Rutilium
413 1484 590 1563 Ruinm37‚
613 1482 831 1564 Theophanem
851 1482 903 1560 ih,
932 1481 1133 1547 Posidonium
1159 1486 1209 1564 tu,
1233 1483 1337 1549 Tima—
1429 1511 1433 1520 ·

122 1605 232 1668 genem
254 1590 303 1649 49.
337 1585 439 1673 Quare
462 1583 536 1664 qnid
559 1582 590 1647 hi
612 1584 791 1664 scripserint
812 1590 845 1646 et
868 1582 943 1665 quirl
959 1581 997 1646 de
1013 1583 1057 1648 eis
1072 1585 1271 1656 statuendum
1283 1585 1335 1666 sit,

121 1687 253 1768 primum
274 1683 443 1748 videamus.

124 1890 151 1956 l)
173 1889 381 1943 PhthCaetAEO.
397 1885 703 1942 DePharnucedioitur:
752 1888 826 1956 App.
839 1887 882 1950 II,
893 1891 939 1940 91:
958 1891 1081 1956 τρέπεταί
1097 1907 1125 1938 τε
1144 1889 1188 1938 τόν
1202 1888 1336 1957 Φαρνάκην

123 1977 202 2028 αι’τόν
220 1977 267 2036 μέν
287 1977 385 2038 dermite
402 1974 447 2025 τοΐι
456 1975 559 2026 Πόντου
570 1975 703 2040 φεύγοντα,
753 1976 794 2023 καλ
813 1975 1025 2032 pullulaturum
1044 2007 1050 2019 ·
1067 2013 1072 2026 .
1167 1977 1192 2032 ές
1202 1973 1336 2042 όέῬοίμην

125 2063 173 2129 τήν
192 2063 218 2114 όέ
232 2064 355 2130 στρατιάν
373 2061 455 2129 ιίρόην
474 2061 563 2113 ἀνεῖλε.
599 2061 705 2129 καὶτῆς
755 2062 813 2130 περὶ
832 2059 908 2126 epoho
927 2059 973 2127 τῆς
990 2060 1076 2128 μάχης
1098 2060 1253 2111 ἐπέστελλεν·
1289 2060 1336 2124 έγιιλ

123 2149 209 2216 μάχης
219 2150 317 2214 ταύτης
330 2148 378 2215 τήν
397 2149 506 2215 όξίτητα
525 2149 566 2198 καί
585 2150 614 2198 τό
626 2149 706 2214 τάχος
756 2148 783 2198 δέ
801 2137 893 2215 ἦλθον,
912 2139 988 2207 εἶδον,
1006 2150 1114 2214 ένίκηοα.

123 2236 283 2301 ἀναγγέλλων
308 2236 343 2292 είς
365 2233 463 2301 Ῥώμην
484 2273 490 2286 .
515 2271 521 2284 .
547 2236 642 2305 ἔγραψε
665 2271 672 2286 .
700 2274 705 2286 .

123 2311 216 2390 ἦλθον,
236 2313 313 2381 εἶδον,
332 2323 441 2388 ένίκηοα.

194 2414 262 2468 Ιοόο
272 2415 372 2468 Caesar
386 2414 501 2468 Romam
512 2413 604 2478 rediit,
614 2414 660 2468 ubi
673 2413 793 2468 rnilitum
803 2431 911 2470 suorum
921 2415 1019 2470 seditio
1029 2416 1053 2471 ei
1064 2415 1259 2486 restinguenda
1268 2418 1336 2470 erut.

193 2507 350 2578 Longiusne
376 2525 535 2577 progressus
559 2508 596 2562 sit
620 2508 648 2562 in
675 2508 755 2563 rebus
780 2509 964 2564 describendis
987 2513 1083 2566 auctor
1106 2509 1154 2564 ille
1179 2509 1337 2574 communis,

125 2611 159 2648 ex
184 2598 278 2648 nostra
302 2594 413 2663 quidem
438 2595 625 2664 disputatione
649 2611 706 2648 non
730 2595 876 2660 diiudices,
905 2595 1018 2650 Antonii
1042 2600 1136 2650 autent
1160 2599 1188 2650 et
1206 2595 1287 2650 Bruti
1310 2599 1338 2651 et

126 2680 263 2737 Ciceronis
289 2680 351 2735 vitis
375 2681 555 2751 comparatis,
581 2695 652 2750 quae
675 2671 789 2750 ¹quidem
812 2682 939 2751 quaestio
961 2682 1015 2738 ulio
1033 2682 1093 2738 loco
1111 2683 1257 2738 tractanda
1277 2683 1337 2749 erit,

125 2767 271 2822 diiudicari
289 2768 391 2822 licebit.
428 2769 542 2824 illucere
559 2773 654 2822 autem
673 2769 782 2823 videtur
801 2787 833 2823 ex
853 2771 913 2824 loco
932 2787 1039 2840 quoque
1050 2769 1172 2824 Caesaris
1191 2768 1264 2824 vitae
1276 2787 1337 2823 curn

126 2854 247 2927 Appiani
264 2854 374 2918 collato,
393 2871 448 2922 quo
466 2855 501 2909 de
517 2873 612 2926 pugna
630 2857 703 2926 apud
722 2857 858 2910 Mundam.
874 2877 897 2914 a.
908 2859 941 2911 45
959 2857 1104 2911 commissa
1122 2855 1234 2910 dieitur:

126 2959 201 3013 Ρίίίί.
223 2957 288 3012 Ocea
314 2962 362 3012 56:
387 2959 490 3028 Καίσαρ
516 2960 708 3022 ἐκθλιβομένους
757 2961 832 3031 App.
845 2962 885 3026 ΙΙ,
899 2966 964 3016 104:
984 2961 1029 3013 τοῦ
1043 2963 1173 3031 Καίσαρος
1186 2960 1296 3029 οτρατοῖι
1308 2963 1338 3012 τό

124 3044 190 3116 opii„
210 3046 268 3104 νοός
285 3043 376 3096 έαντοῧ
394 3047 436 3095 καί
455 3046 533 3106 κακῶς
552 3047 709 3113 ἀντέχοντας
759 3049 812 3107 δέος
838 3047 946 3116 ἥπτετο,
980 3049 1020 3098 καί
1044 3048 1112 3108 ὄκνος
1136 3051 1281 3113 ἐπεγίγνετο
1301 3047 1339 3117 τῷ

124 3134 194 3195 ἐβόα,
222 3132 266 3184 clud
292 3131 343 3184 τῶν
367 3131 450 3184 όπλων
472 3135 512 3184 καί
537 3132 587 3186 τῶν
612 3135 707 3191 τάξεων
757 3135 835 3202 φόβῳ,
863 3175 869 3187 .
895 3175 900 3188 .
927 3175 933 3188 .
955 3138 1013 3194 roric·
1042 3135 1201 3206 στρατιώτας
1226 3138 1338 3187 έπιθέων

126 3221 239 3271 διαθέων
260 3260 265 3273 .
287 3261 293 3272 .
312 3259 318 3272 .
341 3221 412 3280 μόλις
435 3262 441 3274 .
461 3261 467 3273 .
486 3260 492 3274 .
511 3223 637 3293 διέφθειρε
656 3261 681 3277 ..
701 3262 706 3275 .
755 3221 1141 3290 παρεκάλει...μόλιςένίιιηοει
1163 3221 1338 3284 ότιναλωαοίν

125 3305 320 3366 ἀπιολνόέμέτοί
339 3308 386 3374 τήν
404 3308 492 3373 μα’χην
510 3309 573 3378 πρός
590 3309 648 3367 τοές
664 3315 705 3369 φί-
754 3307 833 3358 αίτόν
851 3311 942 3370 εἰπεῖν,
972 3308 1011 3360 ότι
1035 3308 1154 3368 πολλάκις
1176 3312 1223 3370 μέν
1245 3307 1338 3374 α’γοινί-

125 3393 182 3451 λοιις
200 3384 280 3454 εἶπεν,
299 3392 331 3453 ὥς
349 3395 467 3454 πολλάκις
488 3395 534 3454 μέν
554 3395 706 3459 ἀγωνίσαιτο
755 3412 826 3444 οαιτο
845 3399 904 3465 περὶ
923 3404 998 3464 νίκης,
1017 3395 1061 3448 νῦν
1080 3397 1107 3448 δέ
1122 3396 1163 3446 καί
1177 3397 1235 3467 περί
1244 3394 1336 3462 ψυχῆς.

125 3479 184 3547 περί
202 3485 277 3546 νίκης,
302 3481 348 3531 νῦν
369 3482 396 3533 ‹ll
415 3480 517 3552 πρῶτον
537 3483 595 3552 περί
613 3481 705 3550 ψυχῆς.

126 3581 160 3635 cf.
179 3585 323 3650 praeterea
342 3584 430 3638 locum
450 3604 467 3640 a
485 3585 625 3641 Thoureto
643 3605 668 3655 p.
689 3587 739 3642 345
758 3604 821 3642 anu.
842 3590 852 3640 l
878 3587 1007 3652 citatum,
1033 3604 1087 3655 quo
1110 3587 1253 3655 inpugna
1275 3585 1337 3639 Phi-

126 3669 246 3738 lippensi
276 3671 456 3727 describenda
485 3673 520 3726 ab
547 3673 698 3726 Plutarcho
725 3674 753 3727 et
784 3673 818 3727 ab
847 3672 975 3742 Appiano
1005 3672 1078 3727 idem
1110 3673 1214 3727 citatur
1241 3674 1337 3726 nrrctor

125 3759 276 3828 Augustus.

127 3862 202 3916 Plul.
222 3863 285 3916 Ant.
303 3865 349 3924 22,
366 3866 396 3915 2:
421 3862 455 3922 ὦς
472 3863 499 3913 δέ
517 3863 593 3922 αιἰιός
610 3866 637 3914 έν
654 3873 707 3922 τοῖς
754 3864 830 3931 App.
841 3862 1041 3925 IV,110eoetr.:
1060 3901 1083 3915 ..
1099 3864 1146 3914 ,τό
1156 3863 1250 3932 ospacti
1262 3862 1338 3912 πέδον

127 3949 292 4016 interluunt
319 3954 435 4018 γέγραφε,
467 3949 518 4001 τῶν
542 3952 619 4010 φίλων
640 3952 707 4009 τινός
755 3950 855 4009 έξιῑλον,
885 3949 899 4000 ό
923 3950 1001 4000 κοινόν
1023 3937 1055 4016 ἢν
1081 3949 1207 4016 Ἀντωνίῳ
1243 3969 1269 4000 τε
1297 3949 1338 3998 καί

126 4041 187 4106 &rap
206 4037 303 4095 ίόόντος
321 4035 462 4106 ιίνιγοίρηοι
486 4037 535 4105 πρό
558 4036 706 4106 Ιτηςγιιίγης.
758 4036 881 4104 Καίσαρι,
907 4038 1035 4106 Καίοορος
1061 4034 1140 4087 cettei
1163 4035 1197 4087 δι’
1221 4037 1338 4087 lerinum

758 4123 830 4174 ὲίόον
849 4124 891 4174 οὐκ
911 4123 994 4182 ὄντος,
1019 4122 1082 4172 ιίλλιλ
1102 4122 1337 4189 perlustrationis

758 4208 866 4280 ἡμέραν,
891 4209 923 4268 ὦς
944 4208 1019 4266 αίιτός
1037 4211 1064 4259 ἐν
1082 4217 1135 4267 ‘cole
1160 4207 1337 4275 ιῗπομνήμαοιν

756 4298 875 4366 ἔγραψεν.
932 4354 936 4366 Ι
1136 4307 1138 4312 “
