3452 5036
969 432 988 500 P

373 618 447 683 vitis
458 613 616 683 Plutarchi
639 614 810 680 tractandis
824 612 997 694 Appianum
1017 615 1133 694 passim
1157 614 1296 680 conferat
1317 635 1386 684 curn
1398 620 1576 702 Plutarcho,

374 720 404 784 in
437 720 503 784 vita
533 703 933 799 Pompeiperrestiganda
963 715 1096 794 Appiani
1134 716 1366 782 narrationibus
1398 720 1545 800 neglectis
1557 725 1579 804 ¹)

375 817 519 882 Caesaris
535 820 690 882 sectatore
700 814 904 882 Plutarchum
927 813 956 877 in
979 813 1073 878 rebus
1095 832 1114 877 a
1131 815 1276 896 Pompeio
1300 836 1397 898 usque
1413 820 1452 884 ad
1468 821 1579 887 bellum

375 915 617 1000 Mithridaticum
641 901 926 994 gostis‘narrandis
949 930 1036 976 usum
1058 931 1127 978 esse
1149 915 1239 980 docet
1258 922 1290 980 et
1308 917 1435 984 Sallusti
1454 919 1581 984 histori-

376 1033 464 1080 arum
492 1014 673 1096 fragmentis
701 1009 849 1076 adhibitis
873 1011 1072 1076 Plutarchum
1093 1012 1222 1078 Sallusti
1252 1015 1393 1081 historiis
1422 1018 1460 1081 ad
1484 1019 1579 1083 vitam

375 1116 502 1198 Pompei
524 1111 765 1196 componendam
788 1130 879 1176 usum
902 1129 970 1176 esse
992 1119 1093 1192 putat.

460 1231 553 1297 Cuius
585 1231 738 1312 opinionis
767 1229 828 1293 duo
858 1229 1052 1310 potissimum
1081 1230 1189 1297 attulit
1218 1240 1422 1316 argumenta,
1452 1255 1582 1318 quorum

377 1332 510 1398 alterum
533 1332 639 1396 statim
663 1336 840 1395 removetur
861 1330 1008 1409 inspectis
1031 1330 1106 1394 locis
1128 1331 1296 1397 Plutarchi.
1347 1334 1422 1399 Tria
1443 1339 1523 1401 enim
1546 1360 1583 1406 ex

377 1431 483 1498 Peteri
512 1430 669 1497 sententia
698 1447 717 1492 a
747 1429 915 1494 Plutarcho
947 1436 1185 1511 proponuntur,
1223 1450 1302 1514 quae
1334 1453 1401 1499 curn
1438 1437 1583 1504 dedecori

377 1533 496 1597 fuerint
524 1531 671 1611 Pompeio
704 1530 846 1595 Caesaris
880 1535 1067 1594 sectatorem
1099 1530 1264 1596 Plutarcho
1300 1535 1483 1614 praebuisse
1511 1558 1583 1604 con-

378 1633 494 1714 tendit,
527 1633 658 1715 primum
688 1630 841 1712 cupiditas
863 1631 1027 1710 pecuniae,
1059 1647 1120 1710 qua
1146 1639 1216 1694 erat
1238 1632 1383 1715 impletus
1404 1644 1495 1717 pater
1518 1640 1584 1704 eius

378 1731 506 1812 Strabo,
530 1731 640 1796 deinde
662 1730 741 1811 quod
764 1730 928 1810 Pompeius
951 1729 1159 1794 Alexandrum
1185 1731 1299 1796 imitari
1322 1735 1492 1814 studuerit,
1520 1743 1583 1802 ter-

382 1832 460 1897 tium
482 1829 564 1912 quod
586 1830 746 1895 mulierum
767 1828 862 1894 fuerit
884 1829 1115 1892 consuetudinis
1138 1827 1345 1894 avidissimus.

462 1947 505 2016 At
541 1948 682 2029 quisnam
720 1946 780 2010 sibi
814 1946 1005 2027 persuadeat
1040 1945 1218 2009 malevolum
1250 1945 1395 2028 Pompeio
1427 1955 1584 2015 auctorem

382 2047 479 2111 fuisse
500 2047 557 2111 loci
580 2047 678 2127 illius,
708 2063 769 2126 quo
793 2045 889 2126 ipsius
912 2063 1012 2109 mores
1033 2045 1142 2127 optimi
1170 2063 1236 2109 cum
1259 2049 1359 2127 patris
1381 2049 1519 2130 nequitia
1540 2047 1587 2112 his

380 2146 484 2210 verbis
514 2151 750 2227 comparantur:
785 2145 991 2227 (Plutarchus
1011 2144 1119 2226 Pomp.
1142 2163 1165 2210 c.
1191 2144 1224 2228 1)
1256 2145 1346 2210 αἰτία
1373 2149 1411 2210 δὲ
1439 2151 1499 2211 τοῦ
1526 2153 1588 2230 μὲν

380 2249 495 2326 μίσους
519 2245 630 2328 ἐκείνῳ
651 2245 739 2326 (Str.)
765 2249 841 2326 μία,
873 2244 1048 2328 χρημάτων
1077 2239 1246 2330 ἄπληστος
1268 2247 1451 2328 ἐπιθυμία,
1484 2248 1589 2328 τούτῳ

381 2345 419 2406 δὲ
440 2333 573 2427 (Pomp.)
596 2343 712 2408 πολλοὶ
735 2347 794 2407 τοῦ
815 2345 1026 2425 ἀγαπᾶσθαι.
1079 2345 1321 2410 Similitudinem
1345 2365 1437 2428 porro
1459 2348 1588 2429 Pompei

381 2463 449 2509 cum
467 2443 644 2508 Alexandro
663 2443 847 2509 Plutarchus
868 2444 942 2509 dicit
962 2462 1071 2508 revera
1095 2464 1155 2509 non
1174 2445 1277 2526 luisse,
1299 2446 1353 2511 sed
1372 2446 1483 2511 habitu
1501 2447 1587 2528 regio

331 2537 334 2543 ’
382 2548 415 2607 et
435 2543 664 2625 pulchritudine
685 2543 775 2608 faciei
798 2550 830 2609 et
851 2545 989 2625 corporis
1018 2545 1147 2609 similem
1170 2565 1239 2609 curn
1262 2546 1362 2610 visum
1383 2565 1451 2611 esse
1474 2547 1588 2610 statuis

383 2643 482 2726 regie,
514 2643 586 2708 inde
609 2644 726 2708 amicos
749 2643 913 2707 illudentes
938 2643 1146 2708 Alexandrum
1169 2663 1239 2708 eum
1264 2644 1482 2728 appellasset).
1526 2643 1589 2708 Nec

383 2760 456 2806 vero
478 2761 582 2807 vocem
604 2745 752 2825 reperias
774 2762 811 2807 ex
826 2762 887 2824 qua
903 2744 995 2808 liceat
1012 2745 1151 2808 conicere
1161 2745 1339 2826 Pompeium
1356 2745 1586 2810 similitudinem

384 2841 657 2924 illamjaffectasse.
694 2843 857 2908 Mulierum
876 2843 1008 2925 denique
1025 2843 1258 2908 consuetudinis
1275 2862 1344 2908 eum
1357 2844 1588 2925 cupidissimum

384 2941 489 3022 fuisse,
512 2949 548 3006 ut
568 2943 701 3008 Peterus
721 2949 882 3022 memorat,
905 2961 1058 3025 nusquam
1081 2962 1118 3006 ex
1141 2941 1297 3007 Plutarchi
1321 2943 1423 3006 verbis
1446 2949 1589 3024 apparet.

384 3041 419 3105 ln
444 3043 668 3106 consuetudine
689 3043 769 3105 enirn
791 3061 859 3106 cum
877 3042 970 3106 Flora
989 3042 1064 3105 nihil
1084 3042 1233 3122 videmus,
1256 3043 1337 3123 quod
1350 3039 1590 3123 reprehensione

385 3141 427 3204 sit
457 3140 603 3221 dignum3
633 3141 740 3218 immo,
771 3141 855 3223 quod
888 3141 926 3205 de
956 3140 1074 3205 Metelli
1104 3141 1194 3205 addit
1223 3143 1353 3221 coniuge
1376 3139 1591 3222 pulcherrima,

385 3239 469 3305 laudi
500 3242 528 3305 ei
558 3249 623 3320 est,
661 3259 760 3321 neque
789 3243 928 3306 auctoris
957 3238 1105 3322 Pompeio
1134 3241 1245 3305 inimici
1277 3246 1352 3303 sunt
1381 3239 1476 3303 verbu
1507 3258 1532 3302 ο.
1555 3242 1591 3300 2:

386 3336 471 3405 οὕτω
493 3391 525 3406 ..
548 3341 686 3430 εὐλαβής
705 3337 751 3406 oin
772 3391 802 3408 ..
825 3342 878 3404 καὶ
899 3341 1160 3424 πεφυλαγμένος,
1193 3339 1278 3422 ὅμως
1305 3338 1343 3402 οὐ
1369 3339 1500 3421 διέφυγε
1527 3340 1592 3400 τῶν

386 3443 516 3523 ἐχθρῶν
536 3443 595 3506 τὸν
615 3443 671 3506 ἐπὶ
692 3441 796 3522 τούτῳ
817 3441 938 3532 ψόγον,
971 3440 1042 3504 ἀλλ’
1064 3442 1121 3504 ἐπὶ
1143 3443 1215 3512 ταῖς
1235 3441 1389 3519 γαμεταῖς
1412 3439 1591 3517 ἐσυκοφαν-

385 3545 482 3622 τεῖτο,
504 3560 584 3624 quae
603 3543 653 3606 vin
675 3542 820 3607 credibile
842 3548 891 3605 est
915 3560 953 3604 ex
967 3539 1121 3619 Sallustio,
1145 3539 1287 3604 Caesaris
1307 3540 1471 3616 sectatore,
1493 3535 1591 3615 petita

456 3789 481 3857 l)
507 3787 535 3842 in
560 3787 660 3842 ultima
684 3787 794 3842 demum
820 3789 900 3856 parte
925 3787 1000 3841 vitae
1017 3784 1164 3840 tractanda
1181 3783 1361 3838 Plutarchum
1382 3799 1444 3835 cum
1465 3779 1593 3850 Appiano

387 3874 505 3944 (Pruna
521 3875 562 3930 77.
592 3876 662 3945 App.
680 3872 716 3937 ΙΙ,
735 3873 776 3927 84.
804 3873 877 3927 Plut.
897 3890 919 3926 c.
939 3873 980 3928 ta.
1006 3871 1078 3940 App.
1097 3871 1131 3936 ΙΙ,
1150 3871 1191 3924 85.
1218 3869 1290 3924 Plut.
1310 3885 1331 3921 c.
1352 3867 1392 3921 79.
1420 3867 1491 3938 App.
1504 3867 1538 3929 tt,
1549 3865 1593 3935 85)

387 3964 527 4018 conterens
545 3980 577 4016 ex
595 3961 671 4016 Livio
688 3965 836 4029 utrumque
854 3958 975 4015 hausisse
993 3961 1045 4028 put
1064 3960 1085 4010 t.

456 4068 484 4136 2)
502 4084 524 4120 c.
543 4068 560 4120 2
577 4056 609 4136 ἦν
623 4068 652 4119 dl
668 4088 708 4126 τις
725 4068 766 4117 καὶ
784 4065 911 4132 ἀναυτολή
930 4105 955 4118 ..
972 4103 978 4116 .
995 4105 1001 4118 .
1019 4061 1127 4114 morafiam
1145 4058 1239 4146 μᾶλλον
1258 4059 1392 4125 λεγομένην
1411 4057 1429 4125 ἢ
1445 4061 1596 4122 φαινομένην

388 4154 522 4221 ὁμοιότητα
547 4156 609 4222 πρὸς
625 4155 672 4212 τοὶς
687 4154 851 4222 Ἀλεξάνδρου
873 4151 920 4203 τοῦ
937 4150 1058 4214 βυονλέως
1075 4151 1175 4206 εἰκόνας.
1208 4146 1251 4196 Ἧι
1267 4148 1307 4195 καλ
1325 4139 1433 4206 τὀἰῖνομα
1452 4142 1550 4195 πολλῶν
1570 4145 1596 4192 ἐν

385 4241 458 4315 1ἀρχῇ
475 4245 688 4311 συνεπιφερόντων
707 4241 749 4292 οὐκ
768 4241 868 4303 ε”φευγεν
884 4238 896 4288 ὃ
914 4238 1019 4298 Πομπ,,
1037 4235 1157 4286 ὥστεκαὶ
1173 4229 1341 4300 χλευάζοντος
1357 4230 1435 4280 αὐτὸν
1454 4232 1533 4284 ἐνίους
1546 4226 1597 4296 ἤδη

388 4331 470 4384 καλεῖν
486 4331 655 4402 Ἀλὶξανδρον.
