3452 5036
952 435 1029 501 ,16

429 639 434 650 ·
487 613 597 696 Pomp.
620 618 661 680 51
672 634 719 696 sq.
743 613 851 682 Crass.
873 618 923 681 15.
985 616 1020 681 In
1058 620 1167 681 senatu
1199 613 1381 682 Marcellino
1422 617 1556 699 (Crass.:
1590 625 1622 684 et

405 716 553 796 Domitio)
580 716 802 798 interroganti,
834 721 936 781 utrum
968 715 1190 796 magistratum
1220 719 1366 796 peterent
1392 735 1503 799 necne,
1532 719 1621 786 Pom-

404 816 492 897 peius
513 815 695 898 respondit:

404 932 447 1008 ὥς
463 931 551 1014 τάχα
566 937 629 1015 μέν
649 929 692 995 άν
715 932 880 1016 μετέλθοι,
902 931 989 1013 τάχα
1036 932 1135 1012 τυχόν
1164 937 1225 1014 μὲν
1252 940 1415 1015 μετιέναι,
1452 935 1554 1014 τυχόν
1586 936 1626 998 δὲ

405 1035 443 1097 δὲ
469 1033 527 1109 οὑκ
556 1030 600 1096 άυ
626 1032 790 1115 μετέλθοι·
837 1032 989 1116 Κράσσος
1036 1031 1083 1116 μη“
1105 1041 1280 1111 μετιέναι.
1305 1081 1313 1096 .
1337 1081 1343 1096 .
1367 1032 1627 1115 μετριάτερονὸ

407 1134 445 1198 δὲ
463 1117 720 1214 πολιτικώτερον
752 1129 836 1196 οὑτω
849 1132 911 1213 γάρ
926 1133 989 1216 ἔφη
1038 1131 1190 1215 Κράσσος
1221 1123 1332 1195 εἶπεν·
1384 1131 1415 1196 εἰ
1448 1137 1489 1218 τῇ
1527 1133 1628 1198 πόλει

405 1232 554 1316 πράξειν,
578 1234 740 1314 ὁποτέρως
762 1228 806 1295 άν
823 1231 928 1314 οἴηται
944 1235 991 1312 τῷ
1039 1240 1197 1315 συμφέρει
1218 1239 1361 1314 μετιέναι
1380 1231 1442 1318 την
1456 1231 1572 1319 άρχην,
1596 1235 1631 1297 εἰ

405 1332 502 1414 κοινῷ
525 1337 699 1397 συνοίσειν.
1037 1331 1075 1394 δὲ
1096 1330 1151 1418 μή,
1174 1329 1427 1396 πεπαύσεσθαι.

491 1449 611 1517 Catone
633 1449 819 1513 adhortante
836 1447 993 1513 Domitius
1015 1449 1208 1513 consulatum
1232 1447 1370 1530 petebat,
1393 1448 1467 1513 inde
1488 1467 1626 1530 magnae

405 1557 494 1616 ortae
524 1556 597 1616 sunt
624 1550 772 1630 Pompeia
801 1553 833 1612 et
855 1547 969 1612 Crasso
998 1547 1179 1612 auctoribus
1209 1547 1477 1630 perturbationrs3
1510 1565 1624 1612 manus

413 1650 470 1715 sibi
487 1649 658 1714 adversarii
677 1656 852 1728 conserunt,
875 1649 952 1712 Cato
968 1649 1043 1729 ipse,
1065 1666 1131 1711 cum
1150 1648 1321 1712 Domitium
1344 1647 1535 1726 defenderet,
1555 1649 1627 1712 vul·

411 1756 549 1814 noratur.
594 1751 759 1831 Pompeius
781 1757 884 1815 autern
907 1753 939 1814 et
963 1748 1095 1814 Crassus
1117 1748 1259 1812 consules
1281 1757 1428 1812 creantur
1450 1755 1484 1812 et
1506 1749 1623 1828 omnia,
1705 1759 1706 1816 ι

407 1867 487 1930 quae
510 1849 632 1927 volunt,
655 1855 819 1931 peragunt.

489 2020 553 2084 Iam
577 2021 716 2085 venimus
739 2021 779 2084 ad
801 2019 896 2085 vitam
918 2021 1027 2085 Bruti:

408 2135 572 2218 Pompar:
592 2137 887 2222 Βροῦτος..άνηρ..
895 2138 992 2221 μηδέ·
1042 2139 1138 2202 Brut.
1151 2143 1186 2201 4:
1208 2142 1265 2200 καί
1277 2159 1325 2199 τοι
1341 2134 1502 2218 πρότερον
1515 2133 1626 2198 άπαν-

408 2257 490 2297 ποτε
506 2236 681 2320 Πομπήιον
701 2239 892 2318 προσειπιδν
907 2238 991 2321 μηδὲ
1039 2235 1142 2322 τήσας
1155 2237 1230 2300 υόδέ
1241 2241 1404 2318 προσεῖπε
1412 2235 1471 2297 τόν
1486 2232 1627 2319 Πομπη-

408 2334 647 2416 άσπασάμευυς
659 2337 821 2420 πρότερον
836 2337 876 2411 ιὺς
888 2346 991 2420 φοι·εά
1040 2361 1099 2417 ιον,
1120 2332 1195 2418 άγος
1212 2334 1385 2418 ηγυὺμενος
1400 2343 1483 2417 μέγα
1500 2335 1627 2414 πατρὸς

412 2437 472 2497 τοὺ
493 2434 625 2518 πατρός,
647 2435 722 2499 τότε
743 2437 782 2500 δὲ
804 2436 845 2511 (ὑς
860 2438 990 2502 ἐλευθε-
1041 2441 1140 2523 φονεῖ
1165 2437 1385 2518 διαλέγεσθαι·
1424 2434 1501 2498 τότε
1528 2434 1558 2497 δ’
1583 2433 1629 2507 ιὺς

409 2539 519 2617 ροὺντι
563 2537 623 2621 την
662 2535 784 2618 Ῥώμην
826 2539 991 2614 ὑπέταξεν
1041 2535 1173 2622 ἄρχοντι
1198 2540 1253 2622 τῆς
1275 2537 1432 2619 πατρίδος
1455 2533 1629 2610 ὑποτάξας

412 2657 540 2699 εαυτου.
1041 2637 1159 2701 ἑαυτόν

412 2753 498 2818 Caes.
517 2757 576 2817 46:
600 2757 765 2827 σωθέντος
784 2753 822 2816 δὲ
839 2753 917 2836 (Br.)
938 2755 992 2818 καὶ
1042 2755 1139 2820 Brut.
1158 2759 1195 2820 6:
1219 2753 1407 2844 γράφοντος
1424 2751 1526 2816 αὑτοῦ
1544 2751 1629 2834 (Br.)

409 2859 673 2934 παραγενομένου
711 2853 792 2935 πρὸς
827 2853 930 2916 αὑτόν
959 2856 993 2940 η·
1042 2859 1172 2936 Καίσαρ
1192 2851 1285 2938 ἥσθη
1305 2876 1341 2916 τε
1363 2857 1541 2935 σωζομένῳ.

410 2953 534 3037 σθῆναι
556 2951 785 3035 διαφερόντως.

497 3090 583 3156 Caes.
602 3097 646 3157 62
669 3094 764 3160 Brut.
787 3099 808 3160 7
816 3115 861 3182 sq.
905 3095 1021 3160 Caesar
1043 3096 1082 3161 ds
1101 3097 1199 3161 Bruto
1220 3102 1252 3158 et
1274 3094 1384 3159 Cassio

411 3206 452 3281 τός
466 3207 650 3292 δικαιότερα
668 3214 730 3291 μὲν
743 3210 827 3290 λέγοι
839 3210 992 3290 Κάσσιος,
1043 3210 1229 3296 δικαιότερα
1264 3216 1325 3292 μὲν
1361 3212 1442 3292 λέγει
1471 3208 1629 3288 Κάσσιος,

412 3305 511 3381 αὑτός
537 3316 646 3388 μέντοι
681 3313 826 3392 Βροῦτον
858 3309 917 3372 οὑκ
951 3307 995 3374 άν
1043 3311 1179 3394 Βρούτῳ
1222 3312 1259 3374 δέ
1299 3312 1360 3394 την
1401 3308 1534 3394 πρώτην
1574 3308 1629 3370 δο-

415 3408 581 3490 παρέλθοι
602 3458 608 3473 .
629 3456 636 3471 .
1045 3422 1127 3478 τέον.
1151 3447 1189 3458 --

411 3512 470 3570 καί
517 3530 599 3570 ποτε
647 3508 701 3570 καὶ
751 3507 995 3591 διαβαλλόντων
1045 3514 1160 3575 ἔπειτα
1187 3512 1245 3573 τὸν
1266 3512 1414 3593 Βροῦτον
1439 3511 1535 3572 τινῶν
1557 3508 1628 3571 δια-

410 3608 507 3669 τινάυ
527 3607 586 3670 τδν
607 3603 724 3689 ἄνδρα,
749 3657 755 3672 .
778 3658 785 3673 .
806 3612 865 3671 τοῦ
886 3607 995 3692 σώμα-
1043 3610 1231 3694 βαλλόντων
1253 3662 1260 3675 .
1284 3661 1290 3674 .
1318 3614 1358 3694 τῇ
1378 3609 1459 3692 χειρὶ
1481 3611 1540 3671 τοῦ
1563 3607 1628 3672 σοι’-

378 3774 383 3789 .
411 3727 464 3778 τος
495 3729 534 3790 τη
570 3708 651 3789 χειρὶ
691 3708 796 3789 θιγιδν
824 3711 886 3792 ἔφη
914 3709 996 3793 πρδς
1045 3734 1146 3792 ματος
1165 3709 1352 3790 ἁπτόμενος
1374 3701 1458 3774 εἶπε·
1501 3713 1554 3772 »τί
1569 3709 1627 3783 δίς

411 3806 487 3879 τοὺς
521 3806 764 3888 διαβάλλοντας·
819 3809 1000 3890 »αὐαμευεῑ
1046 3810 1102 3873 οὑκ
1144 3807 1190 3872 άν
1232 3809 1309 3891 ὑμῖν
1351 3809 1444 3873 δοκεῖ
1482 3811 1628 3891 Βροῦτος

411 3907 509 3969 τοῦτο
537 3907 576 3969 τὺ
609 3907 714 3989 δέρμα
742 3912 921 3991 Βροῦτοςν,
955 3908 996 3982 ιός
1045 3912 1221 3991 α’ναμεῖναι
1254 3910 1345 3971 τουτὶ
1381 3911 1419 3972 τὺ
1454 3913 1623 3990 σαρκίονςι(

412 4001 508 4082 άξιον
536 4010 598 4088 μὲν
621 4001 702 4070 όντα
728 4010 783 4094 τῆς
803 4007 903 4092 άρχῆς
925 4057 933 4072 .
956 4057 962 4072 .
988 4058 995 4073 .
1046 4009 1086 4084 τός
1113 4008 1221 4071 οὑδενὶ
1250 4013 1415 4092 προσῆκον
1441 4005 1529 4089 ἄλλῳ
1547 4009 1626 4090 μεθ’

413 4104 537 4187 νύκτωρ
554 4106 592 4169 δὲ
608 4108 996 4190 κατεπίμπλασανγραμ-
1045 4109 1163 4190 Ιἑαυτόν
1192 4104 1212 4192 ἢ
1232 4107 1367 4190 Βρούτῳ
1390 4159 1396 4173 .
1420 4160 1427 4174 .
1453 4109 1491 4173 τδ
1518 4109 1546 4171 δ’
1570 4109 1626 4170 αὑ-

412 4207 529 4288 μάτων
549 4208 588 4270 τὺ
608 4211 699 4291 βῆμα
719 4209 772 4272 καὶ
791 4208 849 4272 τὺν
869 4208 996 4292 δίφρον,
1046 4212 1104 4271 τοῦ
1125 4209 1272 4287 Βρούτου
1301 4213 1392 4297 βῆμα
1414 4212 1626 4293 στρατηγοῦν-

415 4308 465 4389 ἐφ’
490 4295 532 4370 οὑ
560 4313 747 4393 στρατηγῶν
777 4308 995 4392 ἐχρημάτιζεν·
1047 4332 1100 4382 τος
1121 4307 1289 4392 εὑρίσκετο
1309 4311 1387 4391 μεθ’
1405 4311 1529 4392 ἡμέραν
1547 4309 1628 4372 α’νά-
