3452 5036
689 400 729 464 45

96 583 255 666 scriptore
278 581 390 646 Suidas
420 581 567 646 tradidit:
604 582 747 670 ἔγραψεν
775 579 922 663 ἱστορίαν
950 585 1015 646 τῶν
1041 588 1126 667 μεταλ
1156 588 1319 673 Πολύβιον

95 686 136 746 ἐν
160 685 297 767 βιβλίοις
319 688 368 765 νβ,
391 684 448 756 ἕως
475 684 534 745 τοῦ
554 681 700 761 πολέμου
721 684 780 744 τοῦ
802 687 1006 766 Κυρηναϊκοῦ
1024 689 1078 750 καὶ
1103 691 1319 772 Πτολεμαίου.

96 785 243 861 Quorum
279 783 442 847 verborum
474 782 659 846 sententiam
696 781 859 846 obscuram
895 784 929 848 O.
960 785 1073 852 Miller
1104 789 1321 857 illustraturus

96 881 232 948 Suidam
250 883 372 958 dedisse
388 883 499 948 conicit
520 883 578 956 ἔοις
590 882 741 955 Ἀπίωνος
762 886 821 944 τοῦ
832 889 1050 968 Κυρηναϊκοῦ;
1075 908 1130 954 nec
1144 908 1216 954 vero
1228 892 1320 974 quid-

96 1004 197 1065 quam
219 984 378 1065 probabile
397 983 435 1047 de
457 990 605 1063 tempore,
632 1000 795 1062 quousque
815 984 976 1064 scripserit
1000 986 1195 1070 Posidonius
1219 1009 1256 1053 ex
1272 990 1320 1054 bis

99 1087 209 1148 verbis
233 1085 444 1165 consequitur.
489 1085 522 1146 Α.
551 1081 697 1148 Sebaefer
719 1082 841 1162 quidem
864 1083 951 1148 dicit:
976 1105 1034 1150 von
1059 1088 1163 1152 seinen
1182 1087 1322 1171 ἱστορίαι

98 1184 191 1246 fubri
211 1184 323 1247 Athen.
340 1183 391 1248 lV.
409 1202 439 1263 p.
463 1182 538 1246 168d
555 1182 612 1247 das
632 1183 682 1246 49.
700 1181 784 1245 Bucb
808 1201 857 1245 an.
897 1184 948 1248 Sic
969 1185 1110 1250 reichteu
1135 1191 1320 1269 wenigstens

100 1283 154 1347 bis
177 1303 246 1348 zum
268 1285 295 1349 J.
319 1285 429 1358 Gdel86
453 1282 515 1347 und
546 1282 714 1346 enthielten
738 1283 798 1346 viel
821 1282 947 1347 lunder-
968 1285 1031 1348 und
1056 1287 1322 1354 volkerbescnrei-

102 1384 200 1462 bung.
244 1385 358 1448 Locum
390 1390 493 1448 autem
518 1383 595 1447 citat
623 1383 842 1449 Strabonile
862 1403 891 1464 p.
907 1387 977 1462 491,
1006 1405 1023 1450 e
1053 1406 1114 1470 quo
1142 1387 1322 1454 luculentis·

16 1539 19 1542 .
103 1485 184 1547 sime
211 1492 341 1564 apparet
373 1485 411 1547 de
435 1483 580 1564 Pompeio
613 1483 814 1547 Posidonium
835 1482 925 1564 plura
947 1485 1122 1566 scripsisse:
1144 1493 1323 1570 προστίθει

103 1582 144 1644 δὲ
171 1581 304 1662 τούτοις,
340 1579 390 1645 ὅτι
418 1583 472 1645 καὶ
508 1582 567 1666 τήν
603 1581 750 1664 ἱστορίαν
782 1592 969 1672 συνέγραψε
998 1585 1131 1670 (Posid.)
1161 1588 1220 1675 τὴν
1247 1590 1323 1671 περὶ

106 1681 214 1745 αὐτόν
240 1682 382 1766 (Pomp).
426 1681 526 1747 Multa
547 1688 630 1746 certe
653 1701 722 1746 eum
740 1682 777 1746 de
793 1684 940 1764 Pompeio
958 1687 1128 1768 scripsisse,
1149 1689 1325 1770 multasque

103 1802 157 1846 res
176 1783 309 1862 gloriose
331 1781 370 1845 ab
394 1798 430 1845 eo
453 1787 558 1860 gestas
581 1799 849 1860 commemorasse,
870 1801 983 1863 magua
1007 1785 1135 1866 Pompei
1157 1787 1323 1852 admiratio

107 1881 315 1962 demonstrat,
336 1899 417 1963 quae
438 1881 540 1944 elucet
559 1898 596 1944 ex
615 1880 719 1944 verbis
740 1899 759 1944 a
777 1880 932 1946 Strabone
949 1883 1084 1964 traditis,
1108 1886 1218 1966 quibus
1234 1886 1323 1950 Pum-

104 1981 207 2060 peium
236 1979 419 2043 Posidonius
456 1979 620 2042 abeuntem
654 1980 757 2043 valere
794 1979 895 2045 iubet:
934 1981 1006 2045 αἰὲν
1046 1984 1231 2065 α’ριστεύειν
1270 1987 1324 2049 καὶ

106 2077 283 2159 ὑπείροχον
305 2083 442 2159 ἔμμεναι
462 2075 580 2142 ἄλλων.
624 2078 684 2143 Sed
709 2081 783 2162 quia
803 2079 1002 2145 Posidonium
1024 2084 1106 2148 circa
1127 2102 1240 2149 annum
1266 2088 1324 2150 134

107 2196 135 2240 a.
159 2177 231 2242 Chr.
254 2184 362 2242 natum
395 2187 426 2242 et
461 2179 542 2242 circa
574 2197 601 2241 a.
622 2183 662 2242 50
688 2187 841 2242 mortuum
871 2197 940 2244 esse
962 2189 1096 2259 constat,
1128 2184 1159 2246 in
1182 2183 1322 2250 historiis

109 2278 176 2340 suis
208 2295 269 2339 non
298 2277 408 2341 bellum
440 2277 529 2341 civile
553 2277 605 2340 sed
629 2295 709 2358 quae
732 2278 762 2340 id
787 2277 897 2342 bellum
920 2285 1157 2345 antecesserunt
1179 2289 1321 2364 tempora

110 2396 178 2442 eum
203 2376 404 2458 descripsisse
426 2380 566 2456 apparet.

193 2475 238 2538 De
248 2475 417 2556 Timagene
428 2477 450 2554 ¹)
460 2481 563 2538 autem
575 2478 658 2537 recte
670 2474 840 2554 Peterusp.
857 2474 992 2540 llbbaec
1004 2484 1122 2543 monet:
1145 2497 1179 2542 er
1191 2498 1255 2544 war
1274 2481 1323 2545 ein

109 2574 200 2639 bomo
225 2575 331 2639 acidae
353 2577 476 2655 linguae
497 2581 530 2638 ei
552 2574 607 2657 qui
627 2576 718 2637 nimis
740 2561 816 2637 liber
836 2584 905 2637 erat
926 2574 1045 2658 (Seuer.
1066 2583 1203 2643 controv.
1219 2580 1257 2661 X,
1271 2580 1323 2660 22)

110 2675 167 2738 mit
196 2676 281 2739 einer
309 2676 443 2740 aemula
457 2675 562 2754 lingua
595 2673 719 2754 (Horat.
745 2692 791 2754 ep.
814 2675 839 2752 Ι,
857 2680 903 2757 19,
917 2675 966 2758 15)
990 2677 1054 2740 und
1077 2675 1218 2743 felicitati
1239 2680 1324 2744 urbis

110 2775 250 2839 inimicus
269 2776 399 2856 (Seneca
420 2774 540 2858 epol),
563 2774 629 2839 also
653 2774 701 2838 ein
724 2773 957 2855 gallsiicbtiger,
978 2776 1323 2860 boswilligerKritilrer‚

111 2874 180 2938 dem
204 2893 236 2938 es
269 2875 456 2956 Verguiigeu
485 2874 618 2953 machia,
637 2889 676 2938 au
702 2874 761 2938 deu
785 2875 908 2956 Diogen
933 2877 997 2940 und
1021 2878 1179 2942 Persunen
1202 2877 1324 2941 iiberall

111 2973 159 3037 die
180 2974 355 3038 schleehteu
378 2976 483 3040 Seiten
506 2973 787 3038 hervorzukehren.
832 2974 931 3038 Reeht
954 2994 1050 3053 warin
1074 2996 1112 3040 zu
1132 2976 1254 3040 werden
1275 2977 1324 3040 fllr

112 3074 215 3138 seinen
248 3073 379 3155 Helden‚
404 3076 455 3155 lag
484 3074 636 3138 demnach
664 3073 758 3138 kaurn
789 3075 819 3137 in
846 3076 916 3138 dem
939 3075 1119 3140 Charakter
1142 3077 1196 3140 des
1222 3076 1325 3140 Tima-

113 3191 206 3252 genes
230 3174 291 3237 und
314 3173 460 3238 desshalb
484 3179 566 3236 ware
589 3192 631 3255 er,
654 3173 732 3238 auch
744 3192 830 3237 wenn
855 3193 889 3237 er
912 3174 1119 3239 damalsnoch
1143 3174 1324 3239 verbanden

113 3291 250 3352 genesen
270 3280 360 3354 wilre,
371 3273 583 3338 fiirPlutarch
594 3273 640 3338 als
652 3273 860 3355 Hauptquelle
873 3274 966 3338 kaum
988 3274 1324 3354 braucbbargewesen.

114 3372 243 3437 Dubium
270 3381 374 3437 autem
402 3379 466 3452 est,
496 3378 601 3436 utrum
631 3373 771 3438 debello
794 3374 874 3438 civili
898 3375 1057 3455 scripserit
1079 3393 1183 3438 necne.
1227 3375 1323 3454 Frag-

113 3478 213 3534 menta
252 3472 347 3549 enim‚
387 3491 468 3553 quae
505 3471 547 3536 ud
581 3471 640 3536 hoc
676 3471 788 3536 bellum
821 3473 1017 3553 pertineant,
1054 3472 1183 3553 desunt,
1224 3493 1324 3556 neque

115 3571 205 3636 ullum
235 3571 356 3652 repperi
384 3575 624 3651 argumentum
656 3589 672 3633 e
700 3589 760 3651 quo
790 3571 888 3635 conici
917 3571 1008 3634 liceat
1036 3590 1105 3636 eum
1128 3573 1157 3635 in
1179 3572 1226 3636 his
1246 3579 1325 3636 lem·

118 3670 243 3752 poribus
266 3670 477 3735 describendis
505 3687 629 3752 operam
654 3671 889 3750 consumpsisse.
934 3671 1022 3734 Adde
1044 3671 1125 3751 quod
1147 3672 1265 3736 Seneca
1288 3673 1327 3734 de

115 3772 158 3834 ira
185 3771 240 3850 ΙΙΙ,
259 3769 298 3833 23
327 3771 476 3835 tradidit:
506 3775 616 3853 postea
655 3769 838 3850 Timagenes
877 3771 908 3833 in
943 3770 1142 3835 contubernio
1177 3770 1325 3834 Pollionis

181 3946 205 4014 1)
222 3962 243 4000 o.
259 3947 292 3998 49
313 3948 455 4012 Τιμαγένης
473 3946 500 3996 di
518 3946 558 3994 aci
581 3943 661 4004 ἄλλως
684 3945 729 3995 τόν
744 3944 904 4006 Πτολεμαῖον
922 3947 964 3996 on'u
982 3945 1056 4012 ον’·ὀης
1074 3945 1185 4011 ιῖιιίγκης
1201 3944 1326 3995 ἀπελθεῖν

116 4053 180 4099 φησι,
202 4034 243 4082 καὶ
264 4033 413 4084 καταλιπεῖν
433 4033 567 4098 Αἴγυπτον
591 4030 641 4083 ind
674 4031 813 4092 Θεοφάνους
843 4037 984 4083 πεισθέντα
1011 4032 1169 4096 πράττοντος
1198 4030 1326 4098 Πομπηΐῳ

116 4120 301 4188 γρηματιογιοίς
333 4121 374 4169 καλ
404 4123 560 4190 στρατηγίας
589 4116 675 4183 καινῆς
705 4117 838 4170 ὑπόθεσιν.
880 4118 943 4169 alid
975 4115 1049 4169 τοῖιτο
1071 4116 1118 4178 μίν
1142 4117 1189 4182 mig
1211 4114 1325 4182 ci'rcmcri

118 4205 252 4266 &caprinoue
275 4209 409 4274 μοχθηρία
432 4203 554 4266 πιθανόν,
578 4202 610 4262 οἶς
635 4200 745 4254 ἄπιστον
768 4203 784 4270 ἡ·
811 4203 949 4268 Πομπηΐου
975 4214 1042 4256 ποιοῖ
1064 4210 1149 4263 φίλοις,
1173 4202 1214 4251 cria
1232 4203 1325 4266 ἔχοντα

116 4286 232 4356 κακόηθες
252 4289 306 4341 οὐδ’
325 4290 493 4360 circinoque
511 4288 575 4340 οιἾτιο
594 4290 622 4340 τί
642 4289 777 4349 φιλότιμον.
