3452 5036
973 428 993 489 8
1095 465 1096 470 ,

368 608 568 674 Plutarchum
607 627 676 673 cum
709 610 851 689 putaret,
887 607 1028 671 Asinium
1058 602 1226 668 Pollionem
1256 602 1374 666 Graece
1409 595 1580 676 scripsisse,

370 709 467 774 Asinii
489 707 637 771 historias
660 725 758 787 neque
779 705 893 785 legisse
917 723 1018 785 neque
1041 703 1226 766 adhibuisse.
1271 701 1458 782 Porro'quia
1473 698 1578 779 negari

371 825 436 872 non
458 810 571 888 potest,
595 806 712 870 dictum
734 805 811 870 illud
825 799 969 869 Caesaris
991 822 1028 867 ex
1050 803 1189 868 historiis
1202 802 1346 867 Pollionis
1369 818 1437 866 esse
1453 801 1581 864 libatum

281 937 291 960 ·
373 906 591 990 (ofr.'Sueton.
615 904 764 986 111130),
796 905 959 988 sequitur,
988 908 1023 968 ut
1053 909 1177 980 auctor,
1209 919 1300 982 quem
1323 901 1508 965 Plutarchus
1531 919 1583 963 ex-

372 1006 502 1088 pressit,
533 1005 633 1068 Asinii
655 1002 801 1068 Pollionis
831 1003 979 1068 historias
1008 1007 1063 1066 aut
1093 1000 1520 1083 partem‘earumssGraecam
1551 1001 1583 1063 in

374 1105 511 1185 linguam
539 1103 725 1183 redegerit«
778 1102 834 1166 Cui
855 1103 1029 1167 sententiae
1053 1119 1133 1183 quae
1157 1102 1288 1165 Basiner
1310 1118 1488 1180 repugnare
1512 1099 1586 1163 dicit

375 1221 437 1269 non
460 1203 538 1268 satis
560 1203 676 1267 habent
699 1205 776 1282 vim,
797 1209 833 1267 ut
855 1202 1047 1267 Thouretum
1069 1201 1222 1264 refellant.
1273 1201 1373 1266 Putat
1404 1201 1485 1264 enim
1513 1197 1586 1262 Plu·

377 1303 485 1368 tarcho
517 1310 623 1368 notum
659 1303 755 1367 fuisse
785 1302 923 1366 Asinium
952 1298 1049 1366 latino
1077 1301 1252 1381 scripsisse,
1292 1318 1391 1381 nequo
1421 1317 1492 1364 eum
1522 1305 1586 1362 tam

378 1403 609 1483 »neglegentem
639 1407 671 1466 et
691 1402 820 1466 stultum
843 1403 954 1475 fuisse,
979 1406 1015 1465 ut
1037 1401 1090 1465 illa
1112 1401 1207 1466 verba
1229 1402 1285 1463 ὑπ’
1305 1403 1386 1480 ἐμοῦ
1410 1410 1588 1482 γέγραπται

379 1504 474 1585 ipsius
497 1501 644 1567 Pollionis
668 1503 832 1579 duceret«,
865 1520 958 1583 porro
988 1519 1114 1566 causam
1144 1521 1176 1566 se
1206 1503 1384 1579 excogitare
1412 1520 1472 1565 non
1496 1519 1587 1583 posse

380 1603 473 1681 dicit,
503 1621 557 1665 cur
585 1609 640 1666 aut
668 1603 800 1684 scriptor
830 1601 881 1665 ille
903 1619 1052 1683 graecus,
1084 1603 1137 1684 qui
1161 1584 1417 1676 Asinii⁰historiis
1439 1620 1514 1666 usus
1537 1601 1588 1680 sit,

380 1707 435 1767 aut
456 1703 522 1783 ipse
543 1701 742 1778 Plutarchus
766 1703 817 1782 qui
838 1720 875 1765 ex
898 1701 1048 1782 scriptore
1071 1701 1124 1764 1110
1143 1719 1255 1780 graeco
1274 1702 1422 1782 hauserit,
1447 1701 1588 1766 hocloco

380 1803 538 1866 uberiores
559 1800 683 1882 fuerint,
706 1808 742 1865 ut
765 1800 918 1883 duplicem
942 1807 974 1864 ot
995 1801 1092 1865 latina
1109 1807 1141 1864 et
1160 1818 1272 1880 graeca
1288 1801 1393 1879 lingua
1406 1801 1588 1866 relationem

385 1900 443 1965 sibi
474 1900 645 1963 notandum
673 1919 743 1965 esse
773 1902 924 1982 putarint.
977 1901 1152 1966 ludeichius
1182 1900 1302 1981 quidem
1332 1899 1411 1965 bene
1440 1900 1590 1965 refutavit

383 1998 487 2063 verbis
505 1999 547 2079 (p.
560 1998 627 2079 Bllz
648 1999 765 2064 Woher
784 2001 872 2066 weiss
884 2001 1025 2081 Basiner,
1048 2001 1120 2064 dass
1133 2001 1283 2064 Plutarch
1304 1999 1394 2063 heine
1407 1999 1595 2088 Gedauhen-

384 2097 530 2178 losigkeit
548 2099 700 2178 begchen
723 2100 856 2180 konnte,
888 2101 1008 2182 woher,
1042 2101 1113 2164 dass
1134 2101 1183 2164 ein
1208 2102 1306 2163 Autor
1329 2118 1367 2163 an
1392 2100 1477 2163 einer
1500 2099 1595 2164 Stella

386 2198 471 2264 nicht
491 2198 717 2263 ausflihrlicher
738 2201 803 2264 sein
826 2199 910 2264 kann
933 2200 979 2264 als
1002 2218 1042 2263 an
1064 2200 1219 2264 andarer‘l
1263 2201 1318 2264 Die
1336 2200 1443 2263 Worte
1460 2199 1596 2264 (laesars

386 2314 491 2362 waren
520 2315 553 2362 es
583 2299 661 2363 doch
693 2299 772 2362 wohl
802 2307 894 2376 wart,
925 2300 997 2365 dass
1021 2319 1091 2364 man
1119 2299 1174 2364 auf
1192 2302 1237 2363 sie
1259 2300 1395 2380 einging.
1449 2300 1528 2364 [lass
1551 2303 1596 2365 sie

391 2397 507 2462 Caesar
523 2397 683 2462 lateinisch
700 2399 821 2480 spraoh,
845 2401 994 2464 verstand
1012 2399 1074 2464 sich
1094 2400 1143 2464 bei
1159 2400 1219 2462 ihm
1239 2401 1285 2463 115
1302 2401 1402 2463 einem
1419 2399 1594 2480 gebilcletcn

389 2495 520 2598 lloemer
543 2497 597 2562 des
621 2501 646 2562 1.
667 2497 898 2563 Jahrhunderts
922 2519 951 2564 v.
972 2499 1042 2564 Chr.
1067 2519 1124 2580 gar
1146 2498 1230 2562 nicht
1251 2517 1311 2563 von
1335 2498 1441 2563 selbst.
1468 2535 1500 2542 —

399 2705 400 2712 ,
471 2645 518 2709 Es
559 2647 627 2726 ipsa
659 2653 760 2713 autern
790 2648 927 2713 locorum
956 2649 1116 2714 Plutarchi
1145 2667 1212 2713 cum
1241 2649 1382 2729 Appiano
1416 2641 1598 2713 collatorum

352 2755 354 2762 ’
395 2744 612 2825 similitudine,
635 2755 668 2811 et
691 2749 802 2831 quibus
826 2749 939 2812 eisdem
961 2748 1063 2813 verbis
1086 2750 1227 2812 Asinium
1250 2756 1282 2812 et
1304 2749 1468 2813 Caesarem
1491 2749 1600 2826 citant,

393 2850 425 2907 et
444 2861 505 2924 quo
530 2851 661 2928 uterque
681 2847 761 2911 11150
785 2848 900 2912 iudicat
924 2848 963 2912 de
984 2867 1114 2912 recensu
1136 2866 1155 2910 a
1176 2848 1309 2912 Caesare
1326 2847 1418 2926 facto,
1440 2855 1472 2913 et
1489 2847 1603 2932 quihus

395 2962 474 3007 »non
496 2946 587 3038 modo
606 2965 709 3011 rerum
725 2948 779 3011 sed
798 2949 890 3012 etiam
910 2949 1074 3011 verborum
1093 2948 1288 3012 concordiam
1304 2946 1602 3030 deprehendamus«,

395 3061 452 3108 suo
483 3044 549 3108 iure
572 3043 747 3110 Thouretus
776 3047 895 3112 elucere
926 3049 1017 3112 docet
1045 3067 1083 3112 ex
1107 3048 1214 3113 eodem
1237 3049 1322 3112 101111
1344 3065 1453 3127 graeco
1475 3053 1507 3110 et
1527 3045 1603 3110 Plu-

396 3142 536 3206 tarchum
567 3148 599 3208 11
630 3146 822 3226 Appianum,
857 3167 938 3231 quae
969 3149 1094 3232 quidem
1131 3149 1168 3213 de
1199 3148 1278 3212 bello
1312 3146 1393 3210 civili
1426 3144 1603 3222 tradiderit,

396 3238 548 3308 hausisse.
604 3243 649 3308 De
680 3247 794 3326 quibus
826 3248 901 3312 locis
935 3247 1086 3313 similibus
1118 3254 1149 3312 et
1180 3246 1343 3312 simillimis
1377 3251 1486 3326 postea
1516 3244 1603 3308 nobis

398 3340 615 3422 disputandum
638 3352 695 3443 Ι151.

481 3489 567 3554 Idem
584 3491 757 3559 ludeichius
781 3495 820 3558 de
837 3495 996 3560 Plutarchi
1020 3503 1053 3560 et
1064 3496 1197 3578 Appiani
1219 3493 1305 3558 fonte
1325 3493 1477 3556 communi
1493 3509 1605 3571 graeco

401 3590 616 3668 quaestionem
639 3601 820 3672 persecutus
835 3595 922 3659 Livio
946 3615 1069 3677 quoque
1087 3593 1285 3659 Plutarchum
1311 3611 1400 3656 usum
1419 3609 1487 3656 1551
1508 3591 1608 3670 docet,

402 3706 493 3768 quem
520 3689 578 3754 Dio
607 3690 723 3756 fontem
752 3695 853 3775 operis
883 3697 931 3759 sui
960 3695 1110 3760 adhibuit.
1164 3695 1223 3760 Sed
1259 3712 1319 3756 non
1354 3692 1444 3755 huius
1475 3697 1523 3754 est
1550 3689 1607 3754 loci

403 3790 580 3854 accuratius
599 3791 636 3855 de
652 3793 827 3877 traditione,
851 3801 886 3859 ut
900 3796 945 3859 ita
961 3795 1069 3874 dicam,
1090 3795 1221 3858 Liviana
1240 3794 1350 3870 dicere,
1372 3792 1410 3855 de
1425 3808 1487 3871 qua
1506 3790 1608 3854 altera

308 3905 311 3913 ’
404 3887 496 3951 huius
518 3890 621 3970 operis
642 3898 732 3972 parte
751 3895 838 3960 nobis
859 3895 1020 3976 disputare
1036 3897 1226 3976 propositum
1246 3899 1302 3956 est.
1346 3892 1474 3956 Dionem
1486 3890 1609 3971 quidem

405 3985 492 4050 Livio
535 4004 625 4051 usum
670 4008 737 4055 esse
779 3994 861 4059 inter
902 3996 984 4058 viros
1014 3995 1133 4057 'doctos
1170 3999 1306 4076 constat.
1372 3992 1459 4057 Livio
1504 3997 1609 4053 autem

407 4091 438 4150 et
458 4085 655 4152 Plutarchum
684 4097 716 4154 et
745 4093 860 4158 fontem
889 4095 975 4158 illum
1007 4112 1197 4158 communem
1227 4111 1373 4171 graecum
1397 4107 1468 4154 usos
1490 4107 1557 4152 esse
1580 4095 1612 4151 et

408 4184 465 4249 loci
495 4186 585 4250 unius
607 4187 769 4255 Plutarchi
800 4212 869 4258 cum
891 4195 997 4260 Dionis
1029 4181 1235 4272 congruentes
1264 4199 1296 4256 et
1318 4193 1375 4256 loci
1401 4187 1555 4254 Plutarchi
1580 4195 1611 4250 et

409 4282 543 4366 Appiani
575 4305 641 4354 cum
673 4289 781 4358 Dionis
815 4296 1040 4364 consentientes
1077 4294 1197 4361 docent.
1259 4292 1442 4360 Strabonem
1480 4287 1612 4372 denique
