3452 5036
964 405 1004 470 34

378 581 549 670 ἐκβοήσας·
592 584 801 670 »οἷνερρίφθω
829 585 959 669 κίβοςι,
1008 584 1085 649 τόδε
1128 584 1247 649 εἰπών·
1305 588 1323 651 ὁ
1358 584 1456 671 κύβος
1496 588 1600 674 α’νεῤ-

284 749 288 760 ,
377 690 540 771 διεβίβαζε
561 689 619 750 τδν
642 687 821 769 στρατόνῑ).
1010 689 1132 771 ῥίφθω.

374 798 424 872 Ὡς
451 796 489 860 δὲ
517 799 647 878 πρῶτον
677 795 697 880 ἡ
725 793 816 879 φήμη
840 803 958 875 προσέ-
1006 793 1053 874 II,
1074 797 1131 859 36:
1169 791 1249 880 ἣτε
1270 789 1352 878 ἄλλη
1374 797 1473 880 βουλε]
1495 798 1600 879 παροὶ

377 914 461 960 πεσε
497 897 550 959 καὶ
585 905 723 975 κατέσχε
751 895 811 981 crp-
836 894 958 977 Ῥώμην
1006 893 1110 970 δόξαν
1132 893 1371 971 αίιοῐςδξείας
1385 900 1440 984 τῆς
1454 899 1602 982 ἐσβολῆς

375 997 460 1078 μετοὶ
498 995 681 1084 ἐκπλήξεως
720 998 862 1078 θόρυβος
904 995 956 1058 καὶ
1006 998 1066 1058 τοῦ
1079 1000 1244 1078 Καίσαρος
1264 1003 1444 1081 γενομένης,
1467 999 1600 1061 ἐδεδοί-

377 1096 478 1180 φόβος
500 1089 565 1172 οἶος
585 1092 677 1162 οὔπω
699 1096 876 1179 πρότερον,
906 1095 957 1158 οὐ·
1006 1114 1107 1161 κεσαυ
1129 1144 1137 1158 .
1159 1149 1165 1161 .
1189 1097 1252 1161 cdv
1277 1096 1429 1180 ἐκπλήξει
1456 1099 1600 1180 μετενό-

375 1198 440 1272 θδς
466 1202 527 1280 μὲν
556 1198 575 1282 ἦ
603 1198 704 1282 βουλὴ
727 1248 733 1261 .
758 1245 765 1260 .
793 1196 876 1277 πρδς
900 1197 960 1258 τδν
1010 1220 1075 1262 ουν.

269 1338 273 1347 -
376 1297 553 1386 Πομπήιον
574 1307 745 1381 συνέτρεχε
768 1349 775 1363 .
799 1349 806 1364 .

376 1407 441 1472 eod.
458 1411 496 1472 l:
520 1407 679 1487 ἐμπεσεῖν
696 1401 791 1488 ι’ίφνω
805 1426 956 1487 τεταραχ-
1005 1404 1056 1480 ΙΙ,
1070 1406 1112 1467 34
1118 1425 1125 1467 :
1144 1407 1265 1484 χαίρων
1285 1403 1314 1465 δ’
1331 1405 1385 1466 αἐὶ
1402 1411 1601 1486 ταχυεργίας
1694 1379 1695 1430 λ

278 1511 281 1520 '
376 1516 483 1589 μένοις
510 1507 564 1569 καὶ
586 1506 632 1592 μή
655 1505 864 1586 προσδοκῶσι
883 1510 956 1587 βου·
1005 1527 1042 1564 τε
1071 1503 1238 1588 ἐκπλήξει,
1266 1505 1319 1567 καὶ
1350 1502 1443 1588 φόβῳ
1471 1505 1600 1589 τόλμης
1694 1523 1695 1534 ³

285 1657 287 1662 .
375 1606 509 1690 λόμευος
535 1602 711 1692 pollicenti*
738 1605 854 1688 χρόνον
882 1605 958 1679 dode
1005 1603 1139 1685 μᾶλλον,
1167 1601 1189 1690 ἢ
1217 1609 1426 1687 παρασκευῆς
1452 1605 1601 1686 δυνάμει
1694 1673 1695 1686 ¹

376 1709 411 1770 ἐκ
433 1709 640 1792 παρασκευῆς
661 1706 841 1788 μάχεσθαι.
1008 1753 1015 1767 .
1044 1754 1050 1766 .
1080 1705 1158 1784 ἔγνω
1190 1709 1430 1788 προεπιχειρεῖν·
1462 1756 1470 1771 .
1497 1755 1504 1770 .
1535 1707 1597 1768 καὶ
1694 1727 1695 1730 ’

378 1805 533 1874 Caea32:
554 1805 638 1886 δρῶν
654 1857 660 1870 .
678 1855 684 1868 .
701 1806 762 1892 τήν
779 1806 899 1889 ἔφοδον
920 1805 959 1868 οδ
1008 1802 1151 1886 φθάσαι.

377 1907 582 1988 πολυχειρίας
603 1907 761 1988 δεομένην
782 1956 810 1971 ..
833 1905 958 1988 μᾶλλον

376 2005 399 2092 ἢ
417 2007 546 2090 θάμβει
573 2029 610 2068 τε
636 2005 756 2089 τόλμης
785 2007 839 2068 καὶ
866 2006 959 2086 τοίχει

376 2109 488 2188 καιροῦ
508 2106 738 2190 καταληπτέαν
761 2095 879 2185 οὖσαν,
911 2108 958 2168 ἐκ·

376 2205 511 2290 πλήξειν
534 2209 595 2288 χιίρ
617 2206 857 2288 α’πιστοιίμενος
878 2207 959 2288 ῥᾷον

375 2304 398 2390 η’
425 2306 610 2388 βιάσεσθαι
637 2306 723 2387 μετοὶ
750 2307 971 2396 παρασκευῆς

376 2405 530 2470 ἐπελθών
553 2459 558 2470 .
584 2457 590 2469 .
613 2406 762 2469 ἐκέλευσε

377 2517 487 2579 neuter
509 2514 546 2577 de
566 2514 600 2577 L.
626 2514 771 2577 Caesaris
792 2518 825 2577 et
846 2511 947 2576 Roscii
969 2511 1124 2590 legatione
1147 2527 1165 2573 a
1188 2510 1334 2592 Pompeio
1358 2511 1398 2574 ad
1423 2511 1596 2575 Caesarem
1694 2573 1695 2594 η

381 2613 476 2678 missa
499 2613 583 2695 dicit,
605 2614 692 2678 cuius
716 2614 773 2677 Dio
795 2614 876 2694 41,5
898 2611 1081 2691 mentionem
1101 2608 1185 2674 lacit.

462 2729 595 2794 Siciliam
617 2729 765 2810 Pompeio
787 2749 824 2794 ex
846 2729 938 2793 ltalia
960 2729 1050 2809 pulso
1073 2729 1111 2792 ab
1133 2729 1240 2793 Asinio
1261 2734 1443 2810 occupatam
1467 2745 1536 2794 esse
1559 2733 1596 2790 et

381 2829 533 2894 Catonem
551 2830 660 2894 deinde
676 2831 792 2910 fugisse
807 2835 938 2912 uterque
955 2830 1046 2893 docet
1060 2829 1144 2894 Plut.
1159 2829 1236 2893 Cato
1250 2831 1322 2893 min.
1334 2833 1382 2892 53.
1399 2830 1478 2910 App.
1490 2827 1529 2905 ΙΙ,
1540 2832 1594 2890 40.
1694 2821 1695 2830 ’

380 2930 479 2994 Addit
502 2929 616 2994 Caesar
639 2930 781 2994 Curionis
803 2931 941 2994 adventu
963 2930 1115 2995 Catonem
1138 2937 1277 2995 coactum
1300 2948 1379 3009 esse,
1400 2937 1437 3028 ut
1458 2926 1596 2993 eSicilia

378 3032 537 3112 provincia
559 3031 721 3096 excederet
742 3031 786 3112 (Ι,
810 3029 932 3113 30‚42).

377 3131 462 3196 Plor.
480 3131 590 3212 Pomp.
609 3133 664 3196 60:
690 3129 835 3202 Φαώνιος
856 3129 896 3192 δέ
914 3153 960 3202 τις
1009 3130 1093 3211 App.
1110 3129 1158 3213 H,
1173 3132 1229 3195 37:
1256 3129 1401 3203 Φαώνιος
1419 3134 1480 3210 μὲν
1501 3135 1595 3210 Πομ-

377 3281 384 3295 .
409 3281 416 3295 .
447 3231 571 3294 ἐκέλευε
590 3231 665 3318 'ado
701 3228 878 3313 Πομπήιον
915 3231 961 3310 τῷ
1008 3229 1107 3315 πηιον
1184 3228 1361 3312 παρεκάλει
1379 3230 1440 3315 τήν
1455 3233 1513 3312 γῆν
1528 3253 1595 3292 πα-

445 3427 470 3496 1)
494 3428 649 3494 »Ἑλληνιστὶ
667 3427 802 3491 ἐκμιηιας«
823 3425 989 3481 Plutarchus
1008 3426 1077 3481 citat
1096 3445 1127 3482 ex
1148 3427 1225 3482 fonte
1244 3444 1352 3498 graeco,
1371 3428 1418 3498 qui
1435 3427 1487 3481 hoo
1499 3427 1589 3495 ipsum

378 3512 530 3582 desumpsit
554 3513 588 3567 de
614 3513 709 3567 Asinio
734 3514 873 3576 Pollione,
906 3513 953 3582 qui
978 3513 1066 3568 latine
1093 3513 1202 3583 scripsit
1227 3532 1294 3584 opus
1322 3517 1350 3570 et
1374 3515 1427 3569 hac
1451 3515 1484 3568 de
1510 3531 1595 3568 causa

376 3600 566 3654 annotandum
596 3599 647 3653 sibi
676 3600 798 3670 putabat
824 3615 883 3654 esse
911 3617 1008 3668 graece
1037 3601 1178 3655 Gaesarem
1205 3601 1290 3655 verba
1317 3600 1514 3670 pronuntiasse.
1558 3601 1595 3654 cl.

377 3685 501 3740 'Phouret
522 3705 548 3756 p.
567 3687 626 3740 341.

445 3779 471 3846 2)
495 3779 580 3843 Quam
605 3777 817 3847 discrepantiam
834 3779 946 3834 Basiner
968 3799 995 3849 p.
1014 3781 1047 3834 67
1056 3799 1113 3848 sqq.
1135 3780 1265 3845 removit,
1290 3797 1352 3834 cum
1371 3779 1522 3834 Pollionem
1540 3779 1590 3832 Ou-

376 3865 461 3918 rionis
486 3865 610 3934 legatum
636 3865 719 3919 fuisse
737 3865 922 3931 demonstrat,
949 3870 991 3930 et,
1015 3867 1089 3934 quod
1107 3866 1169 3932 alii,
1195 3872 1226 3920 ut
1245 3866 1475 3936 Eyssenhardtius
1493 3865 1590 3933 (Jahns

375 3951 471 4006 Jahrb.
492 3951 697 4016 antevoles,
722 3971 748 4022 p.
769 3952 933 4020 755-757),
960 3953 1123 4018 voluerunt,
1155 3953 1311 4008 »Caesarem
1336 3970 1353 4006 a
1371 3950 1502 4007 Pollionis
1520 3952 1588 4006 ami-

374 4038 442 4093 citia
461 4037 644 4092 disiunctum<
670 4038 795 4092 Asinium
822 4056 875 4094 non
902 4040 1030 4094 attulisse
1055 4057 1087 4094 ex
1112 4039 1162 4093 illa
1186 4038 1373 4108 discrepantia
1396 4037 1474 4107 sequi
1497 4039 1590 4106 negat.

374 4125 499 4181 Curionis
533 4125 606 4179 enim
641 4124 771 4194 auspiciis
805 4124 917 4178 Asinius
944 4125 1065 4180 Siciliam
1099 4126 1258 4196 occupavit,
1293 4143 1375 4194 quam
1411 4126 1445 4180 ob
1478 4142 1587 4179 oausam

373 4212 471 4266 Caesar
490 4210 649 4274 Curionem,
675 4209 733 4279 ipse
754 4209 865 4264 Asinius
888 4212 990 4278 Pollio,
1019 4212 1095 4267 ouius
1118 4212 1233 4267 traditio
1257 4213 1332 4281 apud
1355 4211 1533 4266 Plutarchum
1558 4213 1588 4266 et

374 4297 534 4366 Appianum
553 4297 632 4350 nobis
652 4299 762 4366 praesto
781 4301 839 4362 est,
858 4287 890 4352 se¹
902 4298 991 4367 ipsum
1013 4317 1069 4354 rem
1090 4299 1345 4369 gessissemarrunt.
