3452 5036
726 432 760 494 11

223 611 332 694 Pomp.
348 613 392 674 58
411 609 499 675 Coos.
513 612 566 674 29.
601 609 743 692 Paulum,
766 594 930 676 Curionem
950 610 1081 689 pecunia
1101 608 1209 674 oblata
1231 608 1349 674 Caesar

139 712 255 775 arnicos
277 709 335 773 sibi
358 709 441 773 lecit.

140 828 262 912 ἐλέχθη
277 831 338 907 μὲν
353 816 421 906 οὖν,
442 821 492 889 ὅτι
506 827 572 888 τῶν
585 825 720 908 α’φιγμί-
767 826 854 890 ἄλλα*
874 828 928 889 καὶ
950 826 1079 909 λε’χεταί
1090 850 1164 891 τινα
1177 830 1244 890 τῶν
1257 826 1349 911 α’φιγ-

143 951 207 991 νων
223 949 269 1001 τις
279 926 348 990 α’πό
363 930 526 1007 Καίσαρος
536 925 720 1007 ταξιάρχων
767 936 875 1008 μένων
916 925 993 1008 παρ’
1028 926 1131 991 αὐτοῦ
1167 926 1350 1008 ταξιάρχων

142 1026 243 1100 ἑστώς
261 1025 353 1108 παρα
370 1026 408 1088 τί
425 1022 652 1112 βουλευτήριον
665 1026 720 1088 καὶ
769 1026 896 1092 ἑστῶτα
930 1029 996 1108 mod
1030 1029 1089 1092 τοῦ
1122 1026 1350 1110 βουλευτηρίου

141 1123 720 1212 πυθόμενος,οἷςοιίδίδωσινὴβουλή
768 1128 822 1190 καὶ
852 1126 1062 1208 πυθόμενον,
1095 1126 1350 1200 deuteronom·

140 1233 282 1308 Καίσαρι
297 1225 414 1309 χρόνον
429 1228 485 1300 τίς
499 1226 609 1311 α’ρχῆς,
627 1217 721 1288 εἶπεν
769 1226 789 1314 ἡ
811 1231 962 1308 γερουσία
983 1232 1125 1307 Καίσαρι
1152 1225 1269 1310 χρόνον
1295 1229 1350 1311 τῆς

141 1327 321 1410 ἐπικρούων
358 1330 399 1410 τῇ
434 1327 516 1408 χειρὶ
554 1327 593 1390 ao*
629 1329 722 1410 ξίφος
769 1326 878 1410 ἀρχῆς·
943 1326 1031 1390 »ἀλλ’
1071 1324 1192 1410 adep«,
1222 1326 1349 1410 ‘paitrau

142 1429 246 1494 »α’λλιί
265 1431 362 1492 τοῦτο
381 1425 509 1491 doiorum
769 1426 906 1491 »daiam«
930 1425 1118 1506 κρούσαντα
1133 1431 1174 1510 τῇ
1189 1427 1271 1509 χειρὶ
1288 1428 1351 1512 τήν

768 1525 874 1610 λαβήν
895 1530 951 1613 τῆς
969 1531 1140 1609 μαχαίρας.

224 1645 340 1710 Eadem
371 1643 485 1708 deinde
514 1642 634 1706 ratione
661 1648 787 1723 narrat,
816 1642 970 1724 quomode
1000 1650 1128 1708 senatus
1157 1632 1365 1725 populusque'

143 1762 290 1810 romanus
313 1743 351 1808 de
372 1744 537 1824 utriusque
558 1742 684 1824 imperio
707 1743 837 1823 egerint.
880 1743 984 1824 Pomp.
1008 1749 1046 1808 59
1070 1744 1160 1811 Caes,
1182 1746 1231 1825 30,
1252 1746 1301 1810 31.

488 1859 605 1924 Caesar
627 1861 668 1924 ad
691 1860 880 1925 Rubiconem
901 1863 1004 1926 venit:

144 1979 252 2064 Pomp.
282 1984 341 2045 60:
383 1979 421 2041 οὐ
456 1978 609 2052 πλειόνας
641 1979 723 2057 ἔχων
774 1979 860 2043 Coeo.
888 1981 953 2044 32:
990 1978 1030 2042 ου’
1060 1978 1192 2052 πλείους
1223 1976 1353 2040 ἱππέων

143 2079 272 2158 ἱππέων
300 2083 494 2161 τριακοσίων
521 2079 575 2140 καὶ
604 2100 723 2141 πεντα-
772 2085 964 2160 τριακοσίων
998 2080 1052 2142 καὶ
1082 2077 1353 2158 πεντακισχιλίων

143 2180 307 2260 κισχιλίων
330 2177 482 2243 ὁπλιτῶν.
773 2177 926 2243 ὁπλιτῶν.

143 2304 264 2362 ceteras
286 2295 392 2378 copias
413 2297 500 2377 sequi
522 2295 628 2378 iussit,
659 2314 727 2360 eum
752 2295 790 2360 de
815 2296 981 2377 improviso
1004 2295 1200 2361 adversarios
1224 2297 1351 2378 aggredi
1385 2351 1389 2358 .

143 2397 245 2464 vellet.
396 2395 400 2403 “

224 2515 271 2579 Ad
283 2514 469 2579 Rubiconem
482 2513 607 2578 fluvium
621 2519 709 2578 stans
720 2519 824 2580 mente
834 2515 987 2594 agitabat,
999 2516 1072 2596 quid
1084 2519 1166 2580 esset
1176 2522 1352 2597 coepturus,

143 2621 281 2697 quantae
318 2614 511 2678 calamitates
542 2613 647 2678 forent
676 2613 813 2696 civitati,
853 2616 880 2679 si
911 2614 1037 2680 fluvium
1066 2615 1351 2696 transgrederetur.

143 2705 277 2782 Deinde:

144 2836 268 2918 Pomp:
289 2831 397 2915 μύσας
405 2836 450 2914 τῷ
460 2833 636 2916 λογισμῷ...
649 2831 724 2896 »α’ν·
775 2835 880 2899 Gaea:
901 2834 997 2918 α’φεὶς
1015 2833 1132 2898 ἑαυτὸν
1150 2835 1185 2898 ἐκ
1198 2837 1258 2898 τοῦ
1274 2834 1353 2916 λογι-

144 2938 292 3017 ερρίφθω
316 2932 448 3016 κύβοςι,
476 2934 639 3016 διεβίβαζε
664 2933 724 2995 τόν
773 2937 859 3015 opud
890 2934 1100 3020 »ἀνερρίφθω
1128 2934 1260 3018 adfingo,
1293 2932 1350 3018 ὥρ-

144 3032 299 3116 στρατόν.
369 3030 372 3041 ’
771 3053 856 3118 μησε
877 3036 960 3118 πρὸς
980 3035 1043 3119 τήν
1062 3034 1229 3117 διάβασιν.

227 3152 343 3231 Magna
377 3151 493 3214 Romae
534 3150 616 3214 loeta
656 3156 704 3215 est
735 3153 906 3216 animorum
941 3159 973 3216 et
1010 3169 1112 3216 rerum
1149 3151 1351 3234 perturbatio.

142 3254 321 3336 Pompeium
363 3250 628 3330 adhortabantur,
665 3258 699 3315 ut
737 3253 843 3332 copias
881 3252 919 3315 ad
958 3252 1091 3332 patriam
1130 3251 1351 3316 defendendam

143 3359 278 3434 cogeret.
329 3353 375 3418 De
403 3350 542 3416 Favonio
574 3349 649 3413 dicit
679 3351 806 3434 Pompei
835 3352 1001 3433 superbiae
1031 3352 1200 3428 illudente3
1237 3351 1352 3417 eisdem

144 3472 237 3534 saepe
260 3452 362 3517 verbis
385 3456 509 3515 narrat:
533 3450 640 3531 Pomp.
661 3454 695 3517 61
722 3453 810 3522 Caes.
828 3454 877 3534 33,
900 3453 1051 3534 quomodo
1069 3453 1235 3535 Pompeios
1258 3453 1352 3517 variis

144 3553 262 3619 nuntiis
294 3552 451 3633 variisque
486 3553 651 3617 amicorum
686 3559 718 3618 et
740 3560 919 3617 senatorum
959 3552 1233 3617 deliberationibus
1272 3553 1352 3616 adeo

144 3654 344 3737 perturbatus
368 3654 417 3731 sit,
441 3658 477 3724 ut
498 3653 605 3718 urbem
628 3654 788 3734 reliquerit
811 3659 843 3717 et
865 3654 980 3717 amieos
1001 3672 1034 3717 se
1057 3654 1144 3733 sequi
1166 3653 1301 3717 iusserit.

144 3777 192 3834 ol.
216 3770 248 3834 οἱ
260 3771 298 3833 δὲ
314 3767 443 3833 booron
459 3772 543 3855 μηδὲ
557 3770 723 3845 θύσαντες
773 3777 820 3835 34.
859 3769 889 3833 οἱ
926 3786 987 3852 μεν
1027 3759 1086 3835 οὖν
1120 3766 1241 3832 ὕπατοι
1269 3770 1353 3852 μηδὲ

144 3870 166 3935 ἃ
181 3875 344 3953 νομίζεται
354 3871 419 3952 πρὸ
431 3871 582 3951 πολέμων
595 3873 722 3954 ἔφυγον.
771 3868 794 3933 ἃ
808 3869 906 3950 νόμος
921 3872 991 3935 ἐστὶ
1009 3871 1075 3952 πρὸ
1092 3868 1207 3946 ἐξόδου
1224 3868 1352 3932 θύσαν-

771 3993 824 4044 τες
847 3972 977 4053 ἔφυγον.

228 4086 343 4150 Eadem
368 4086 443 4151 dicit
466 4086 505 4150 de
526 4086 651 4151 Metello
674 4086 713 4151 ab
735 4087 855 4151 aerario
877 4085 1049 4167 diripiendo
1065 4086 1244 4166 Pompeium
1262 4103 1352 4149 aver-

145 4194 211 4252 tere
228 4191 370 4264 conante,
392 4186 429 4249 de
448 4186 575 4268 Pompei
594 4186 756 4251 brundisio
775 4188 806 4252 in
823 4188 985 4253 Graeciam
1005 4187 1151 4251 transitu.
1189 4185 1292 4268 Pomp.
1313 4191 1350 4248 32

124 4285 233 4355 'Caes
256 4289 305 4351 35.
