3452 5036
104 619 327 702 παρατάξεως
342 621 486 702 νενίκηκε
505 617 581 693 τούς
601 639 695 699 μονο-

102 720 252 801 μάχους,
282 720 380 794 αὑτός
407 719 446 782 δὲ
468 719 528 781 τὸν
548 718 695 798 πόλεμον

103 822 143 882 ἐκ
172 821 266 901 ῥιζῶν
294 818 514 882 παντάπασιν
543 816 692 901 α’νήρηκε.

108 969 223 1051 Pomp.
246 973 311 1034 22:
343 974 397 1049 Κρ.
427 967 485 1030 οὑκ
507 965 694 1049 ἐθάρρησεν

105 1069 274 1131 ὑπατείαν
308 1075 452 1148 μετιέναι
486 1065 646 1147 πρότερον
673 1059 696 1152 ή

107 1167 288 1249 Πομπηΐου
303 1167 473 1250 δεηθῆναι.
500 1166 564 1229 Καὶ
584 1174 697 1245 μέντοι

108 1267 283 1356 Πομπήιος
302 1266 470 1354 η’γάπησε,
499 1263 604 1329 πάλαι
625 1263 696 1328 δεύ-

107 1392 206 1448 μενυς
229 1371 342 1448 χρείαν
363 1365 449 1440 τινάς
474 1363 620 1445 ὑπάρξαι
641 1365 696 1427 καὶ

109 1468 363 1550 φιλανθρωπίας
377 1466 459 1547 πρὸς
474 1461 586 1528 αὑτόν·
610 1460 696 1528 ὥστε

109 1569 165 1630 καῖ
195 1568 389 1644 δεξιοῦσθαι
423 1563 605 1645 προθύμως
641 1564 694 1627 καὶ

109 1669 317 1748 παρακαλεῖν·
333 1667 391 1729 τάν
410 1665 525 1749 δήμου,
543 1662 695 1744 ἐπαγγελ-

108 1767 245 1850 λόμενος
258 1765 353 1850 χάριν
368 1765 452 1840 ἕξειν
467 1763 524 1826 οὑκ
537 1761 697 1827 ἐλάττονα

109 1873 171 1933 τοὺ
187 1866 404 1948 συνάρχοντος
419 1859 442 1951 ή
455 1867 511 1949 τής
528 1863 636 1947 α’ρχής.
659 1861 698 1926 ου’

109 1968 179 2051 μήν
206 2017 237 2032 ..
264 1965 334 2029 ἄλλ’
361 1964 550 2046 διεφέροντο
574 1959 697 2025 πάντα.

111 2109 222 2188 Pomp.
247 2111 311 2170 23:
346 2101 408 2190 ἤδη
440 2105 477 2168 δὲ
509 2108 564 2190 τῆς
595 2103 695 2190 υίρχής

111 2213 345 2288 περαινομένης
375 2254 382 2268 .
406 2255 412 2268 .
443 2204 543 2278 Γάιός
564 2228 611 2279 τις
632 2203 694 2269 Αύ-

111 2301 231 2389 ρήλιος,
278 2305 409 2386 ἀξίωμα
452 2308 513 2386 μὲν
556 2302 695 2369 ἱππικόν

111 2409 201 2486 ἔχων,
231 2409 293 2487 βίῳ
315 2405 353 2468 δὲ
375 2403 563 2488 άπράγμονι
583 2429 693 2488 κεχρη-

110 2514 219 2586 μένος,
252 2504 419 2587 ἐκκλησίας
444 2499 544 2586 ούσης
564 2504 694 2586 άναβάς

111 2606 167 2667 ἐπὶ
205 2605 243 2668 τύ
277 2607 369 2689 βῆμα
402 2605 455 2666 καῖ
493 2604 694 2685 προσελθων

112 2707 173 2788 ἔφη
195 2705 279 2767 κατά
297 2705 373 2778 τούς
394 2700 516 2778 ὑπνους
531 2703 620 2785 αὑτῷ
636 2703 693 2769 τὸν

112 2810 175 2870 Δία
218 2809 361 2890 φανήναι
406 2801 581 2867 κελεύοντα
626 2808 693 2877 τοῖς

112 2905 248 2979 ὑπάτοις
278 2904 421 2988 φράσαι,
458 2905 505 2989 μή
532 2903 693 2985 πρότερον

111 3006 309 3069 ἀποθέσθαι
331 3004 392 3086 τήν
413 3003 518 3085 άρχήν
540 3000 561 3088 ή
582 3004 693 3087 φίλους

112 3101 257 3186 άλλήλοις
272 3107 437 3184 γενέσθαι.
459 3103 639 3185 Ῥηθέντων
655 3104 693 3167 δὲ

112 3201 233 3264 τούτων
251 3202 268 3265 ὑ
284 3207 345 3282 μὲν
363 3201 536 3286 Πομπήιος
553 3202 693 3285 ἡσυχίαν

112 3291 185 3384 ήγεν
203 3300 312 3380 ἑστώς,
337 3302 407 3364 ὑδὲ
424 3302 576 3382 Κράσσος
592 3302 692 3382 άρξά-

112 3424 204 3482 μενος
231 3401 428 3476 δεξιοῦσθαι
455 3402 509 3464 καὶ
534 3420 692 3483 προσαγο-

114 3500 216 3581 ρεύειν·
237 3499 348 3564 αὑτόν.
402 3500 564 3580 »ούύένι,
587 3492 691 3581 εἶπεν,

115 3592 221 3681 »οἶμαι
232 3604 338 3663 ποιεῖν
350 3600 481 3681 άγεννὲς
492 3601 570 3664 ου’δέ
579 3623 692 3664 ταπει-

112 3699 178 3778 νόν,
201 3691 227 3762 οῖ
241 3701 382 3779 πολῖται,
400 3702 562 3784 Πομπηίῳ
575 3701 691 3783 πρότε-

699 439 738 502 15

743 616 842 692 αύτύς
863 617 901 680 δὲ
920 617 980 680 τοὺ
997 617 1140 699 πολέμου
1156 618 1216 705 τήν
1235 618 1325 700 ῥίζαν

743 717 892 802 αἰήρηκε.
1084 723 1088 732 ’

744 963 851 1032 Crass).
873 969 933 1029 12:
966 969 1020 1045 Κρ.
1044 964 1101 1027 ούκ
1123 961 1248 1048 ὤκνησε
1269 967 1328 1028 τοῦ

744 1064 922 1148 Πομπηΐου
943 1064 1113 1149 δεηθῆναι.
1150 1064 1327 1147 δεξάμενος

744 1165 782 1227 δὲ
807 1164 868 1248 τήν
895 1169 1008 1246 χρείαν
1035 1163 1185 1246 α’σμένως
1208 1163 1328 1237 ἐκεῖνος

745 1299 782 1311 -
801 1261 965 1346 ἐπεθύμει
986 1264 1081 1329 ..αέὶ
1098 1262 1231 1346 χάριτός
1245 1287 1328 1336 τινος

744 1363 915 1446 ὀφειλέτην
930 1364 1045 1447 λαβεῖν
1057 1364 1115 1428 τόν
1124 1362 1280 1444 Κράσσον·
1290 1398 1326 1409 -

745 1462 938 1529 ἐσπούδασε
955 1463 1146 1546 προθύμως,
1167 1465 1221 1527 καῖ
1239 1463 1328 1536 τέλος

744 1556 839 1627 εἶπεν
861 1563 1085 1647 ἐκκλησιάζων,
1109 1564 1150 1639 οῖς
1164 1563 1222 1628 οὑκ
1236 1563 1327 1629 ἐλάτ-

744 1689 824 1728 τονα
844 1666 920 1746 περὶ
946 1668 1006 1728 τοῦ
1027 1665 1242 1746 συνάρχοντος
1262 1665 1327 1740 ἔξει

744 1765 838 1844 χάριν
874 1761 896 1849 ή
927 1766 1003 1845 περὶ
1031 1767 1088 1850 τῆς
1122 1765 1230 1851 α’ρχής.
1288 1763 1326 1829 οὑ

745 1864 811 1950 μήν
845 1866 977 1945 ἔμειναν
1006 1913 1013 1928 .
1040 1913 1047 1928 .
1078 1864 1148 1930 ἄλλ’
1174 1913 1182 1928 .
1210 1915 1217 1929 .
1249 1866 1325 1948 περὶ

747 1963 882 2026 πάντων
904 1961 1133 2047 διαφερόμενοι
1155 2015 1184 2029 ..

745 2104 852 2171 Crass.
878 2109 935 2171 12:
971 2101 1034 2190 ήδη
1068 2106 1106 2168 δὲ
1137 2108 1193 2192 τῆς
1226 2107 1327 2187 α’ρχής

744 2204 855 2278 αὑτοῖς
891 2203 1090 2290 τελευτώσης
1119 2207 1234 2285 ἔτυχον
1264 2210 1325 2287 μὲν

744 2303 1020 2387 ἐκκλησιάζοντες,
1050 2305 1133 2388 άνήρ
1161 2304 1202 2367 δέ
1219 2327 1265 2378 τις
1286 2353 1293 2368 .
1316 2349 1323 2366 .

743 2401 865 2478 ἱππεύς
893 2405 1074 2486 Ῥωμαίων,
1113 2405 1258 2486 άγροῖκος
1287 2406 1325 2468 δὲ

742 2507 788 2586 τῷ
815 2509 876 2586 βίῳ
904 2553 911 2570 .
940 2554 947 2568 .
985 2504 1126 2578 Ὀνάτιος
1160 2503 1324 2592 Αὐρήλιος,
1425 2517 1427 2520 ’

742 2604 871 2685 άναβάς
886 2606 942 2668 ἐπὶ
956 2605 994 2668 τύ
1009 2608 1100 2688 βῆμα
1116 2606 1170 2669 καὶ
1188 2604 1324 2687 προσελ-

742 2704 818 2768 θιύν
853 2701 934 2786 ὄψιν
964 2705 1104 2788 διηγεῖτο
1133 2705 1218 2768 κατά
1251 2703 1325 2776 τυὺς

742 2801 865 2879 ὑπνους
879 2805 969 2887 αύτῷ
982 2805 1163 2888 γενομένηύ·
1200 2804 1249 2870 »Ὁ
1264 2805 1325 2887 γάρ

742 2905 855 2986 Ζεύςι,
879 2910 951 2990 ἔφη,
979 2929 1051 2986 »μοι
1073 2904 1187 2988 φανεὶς
1207 2912 1324 2985 προσέ-

742 3009 841 3082 ταξεν
858 3004 901 3079 εἰς
918 3005 1026 3068 κοινάν
1043 3005 1159 3085 εἰπεῖν,
1179 3001 1267 3080 ὅπως
1279 3004 1325 3093 μή

742 3103 903 3189 πρότερον
914 3105 1081 3186 περιίδητε
1093 3105 1167 3179 τούς
1180 3104 1325 3179 ὑπάτους

742 3206 943 3270 α’ποθέσθαι
963 3205 1023 3288 τήν
1045 3205 1149 3290 α’ρχήν
1171 3201 1193 3292 ή
1214 3205 1325 3289 φίλους

742 3309 927 3387 γενέσθαιι.
967 3307 1081 3368 Ταῦτα
1101 3305 1245 3386 λέγοντος
1267 3308 1326 3368 τοὺ

740 3391 926 3489 Ια’ν-ίίράπου
942 3453 949 3468 .
967 3452 974 3467 .
991 3405 1008 3467 ὁ
1026 3409 1087 3486 μὲν
1103 3403 1277 3492 Πομπήιος
1291 3409 1325 3490 ή-

744 3510 862 3585 συχίαν
875 3494 950 3589 ήγεν
965 3503 1075 3584 ἑστώς,
1088 3505 1106 3567 ὁ
1120 3506 1158 3569 δὲ
1172 3506 1325 3587 Κράσσος

742 3605 896 3687 ἐμβαλεῖν
917 3604 978 3686 τήν
999 3606 1112 3681 δεξιάν
1134 3605 1223 3686 αὐτῷ
1244 3607 1324 3688 πρύ-

742 3725 839 3806 τερυς·
859 3705 1015 3785 »ούδέι’«,
1026 3697 1130 3784 εἶπεν,
1142 3695 1187 3770 »οῖ
1196 3701 1323 3790 ἄνδρες,

113 3824 161 3882 ρος
176 3799 331 3873 ἐνδιδούς,
354 3798 391 3863 ὃν
407 3801 498 3881 ὑμεῖς
513 3800 614 3885 μήπω
630 3806 692 3882 μὲν
742 3807 849 3884 οἶμαι,
870 3805 1018 3883 πολῖται,
1040 3807 1199 3869 ταπεινύν
1221 3807 1324 3888 πράτ-

112 3903 280 3981 γενειοῖντα
303 3905 421 3980 Μέγαν
449 3899 612 3983 ἠξιώσατε
637 3925 692 3962 κα·
741 3926 808 3966 τειν
829 3903 898 3967 οὐδ’
917 3903 1054 3981 α’νάξιον
1082 3906 1225 3988 ἐμαυτοῦ
1249 3931 1323 3971 κατ-

113 3999 188 4078 λεῖν,
211 3999 310 4082 μήπω
332 4000 370 4062 δὲ
387 4007 556 4079 μετέχοντι
576 4001 693 4084 βουλῆς
742 4003 919 4087 αρχόμενος
958 4005 1088 4079 εύνοίας
1122 4007 1176 4069 καὶ
1216 4007 1324 4089 φιλιάς

114 4099 330 4181 ἐψηφίσασθε
354 4099 416 4162 δύο
435 4101 627 4183 θριάμβους.
738 4104 821 4187 πρύς
841 4105 1029 4189 Πομπήιον,
1052 4105 1090 4170 ὃν
1111 4107 1203 4189 ὑμεῖς
1222 4106 1323 4194 μήπω

737 4207 908 4286 γενειῶντα
938 4210 1055 4287 Μέγαν
1082 4205 1322 4290 α’νηγορεύσατε

739 4303 793 4366 καὶ
842 4303 947 4387 μύπω
994 4314 1163 4388 μετέχοντι
1207 4309 1333 4398 βουλάςΙ

746 4404 968 4492 ἐψηφίσασθε
988 4412 1163 4490 θρίαμβον.
