3452 5036
722 437 763 500 53

141 619 230 677 utne·
269 613 349 692 πρὸς
376 613 436 694 γάρ
463 617 503 696 τῇ
523 614 625 694 Λυγγὶ
653 615 794 678 Ἀνταίου
821 618 935 696 μνῆμα
964 611 1091 695 ἱστορεῖ
1116 613 1169 676 καὶ
1200 612 1352 677 coalescit·

140 714 255 794 πηχῶν
273 709 437 798 ἑξήκοντα,
462 710 498 774 ὃν
518 711 696 793 Σερτώριον
712 715 878 794 γυμνῶσαι
899 713 952 775 καὶ
978 712 1078 776 πόλιν
1097 713 1267 794 ἐπιβαλεῖν
1284 716 1351 795 γῆν.

222 811 314 876 Suam
332 819 436 876 autem
454 811 542 875 addit
555 812 646 877 Niese
658 813 698 876 de
709 813 869 877 Plutarchi
885 819 917 876 et
930 812 1093 878 Strabonis
1109 812 1184 877 locis
1201 811 1352 876 similibus

141 911 328 973 sententiam
352 928 382 991 p.
405 910 480 974 toa:
511 928 544 974 es
564 910 633 974 sind
664 911 719 976 der
741 911 936 993 Geographie
958 911 1026 974 cine
1052 927 1151 990 ganza
1176 910 1272 976 Reihe
1294 929 1352 974 uon

142 1009 388 1074 Schriltstellern
419 1010 479 1074 mit
511 1010 570 1074 den
601 1011 853 1093 plutarchischen
883 1009 1089 1090 Biographien
1122 1010 1176 1073 der
1207 1016 1352 1090 spateren

141 1111 256 1174 Rlinrer
279 1109 478 1188 gemeinsam.
521 1109 564 1173 Es
586 1110 655 1174 sind
678 1111 770 1174 meist
792 1108 986 1190 Historiker‚
1011 1108 1186 1189 haselbac,
1210 1109 1351 1173 diadem

141 1208 252 1272 Strabo
290 1209 346 1271 (las
385 1207 529 1270 Materia]
567 1207 618 1271 hir
657 1209 740 1272 seine
774 1205 919 1290 ἱστορικοὶ
950 1206 1173 1291 ὑπομνήματα
1212 1206 1353 1288 geliefert

141 1309 260 1371 hatten.
304 1307 388 1370 Dass
410 1306 564 1370 dieselben
582 1308 721 1371 Autoran
744 1307 775 1371 in
799 1306 970 1372 Plutarch's
994 1305 1202 1387 biographien
1226 1305 1353 1369 uieder-

139 1407 272 1487 kehren,
295 1405 415 1469 erhlhrt
437 1405 500 1470 sich
524 1405 640 1470 durans
661 1405 724 1470 und
745 1407 787 1471 ist
810 1408 866 1470 mit
889 1407 939 1470 ein
963 1407 1079 1471 Beweis
1103 1404 1202 1486 datur,
1224 1403 1298 1468 ‹las's
1320 1404 1351 1466 in

139 1507 244 1570 diesen
270 1504 479 1585 Biographien
508 1504 638 1569 Strabos
660 1505 929 1570 Geschichtswark
955 1503 1192 1585 hauptsaculteh
1222 1505 1352 1568 benutzt

137 1609 190 1671 ist.
235 1605 359 1670 Diesenr
392 1605 465 1667 uiro
498 1604 595 1668 daher
626 1605 773 1670 Plutarch
804 1606 844 1670 im
873 1606 1031 1690 Sertorius
1058 1605 1130 1687 J'ene
1151 1604 1245 1669 Notiz
1275 1603 1352 1668 tiber

138 1708 197 1771 das
218 1706 304 1770 Grab
327 1705 381 1768 des
404 1705 543 1768 Antaeus
564 1704 755 1770 verdanken.

222 1805 375 1871 Strabone
394 1805 504 1882 igitur,
526 1804 613 1869 fonte
633 1823 764 1887 graeco,
784 1806 832 1870 usi
856 1805 1003 1870 videntur
1023 1821 1090 1868 esse
1113 1802 1298 1868 Plutarchus
1319 1807 1352 1866 et

140 1906 316 1987 Appianum
348 1903 418 1969 inne
441 1916 553 1984 magna
576 1905 739 1985 utriusque
766 1912 799 1969 et
820 1904 1049 1969 sententiarum
1073 1910 1105 1966 et
1125 1904 1288 1967 verborum
1311 1903 1352 1966 si·

140 2005 280 2069 militudo
304 2011 336 2068 et
359 2003 520 2068 concordia
541 2011 610 2068 orta
634 2010 691 2069 est.
736 2005 799 2070 Nec
825 2006 923 2069 solum
952 2004 982 2069 in
1005 2005 1134 2084 Pompei
1156 2011 1188 2068 et
1210 2002 1351 2067 Caesaris

140 2105 204 2168 vita
226 2104 408 2168 Strabonem
434 2104 614 2168 adhibuisse
637 2105 759 2203 vielptur
781 2104 982 2183 Plutarchus
1008 2103 1063 2168 sed
1085 2105 1115 2166 in
1137 2103 1206 2166 aliis
1228 2120 1351 2183 quoque

140 2205 221 2284 vitis,
244 2222 374 2283 quarum
397 2218 546 2273 summam
571 2221 640 2268 cum
662 2204 790 2285 Pompei
810 2204 876 2268 vito
899 2203 1129 2268 similitudinem
1152 2202 1300 2267 videmus
