3452 5036
675 459 715 524 49

69 646 226 709 ahsonunr
256 650 304 707 est
333 661 350 706 a
374 643 537 708 Strabonis
567 644 705 724 ratione,
733 642 834 725 quod,
863 661 931 709 cunr
955 643 1100 711 Caesaris
1130 647 1226 712 verba
1257 649 1287 713 in

67 747 189 827 campis
228 744 398 809 Pharsaliis
429 745 514 809 edita
548 742 695 825 referret,
737 743 859 809 addidit
893 744 999 810 ταῦτα’
1027 765 1107 831 φησι
1138 748 1287 813 Πολλίων

67 847 224 920 Ἀσίννιος
250 845 292 908 τά
317 844 451 929 ῥήματα
466 845 639 926 Ῥωμαϊστὶ
661 851 722 928 μὲν
744 844 1030 932 άναφδέγξασδαι
1059 849 1117 910 τδν
1137 854 1290 933 Καίσαρα

71 945 169 1027 παρά
191 945 248 1008 τδν
268 943 343 1008 τότε
365 944 493 1030 καιρόν,
513 945 689 1029 Ἑλληνιστὶ
712 949 741 1010 δ’
756 948 812 1011 ὑπ’
834 949 934 1029 ἐμοῦ
955 955 1141 1032 γέγραπται.

154 1046 225 1126 -Ipse
247 1051 352 1109 autem
376 1046 490 1110 citatur
510 1047 625 1112 Strabo
648 1066 666 1112 a
687 1047 874 1113 Plutarcho:

159 1145 244 1210 Caes.
268 1151 307 1209 63
330 1144 488 1227 Στράβων
510 1146 547 1209 δὲ
569 1145 586 1210 r‘
609 1145 787 1231 φιλόσοφος
808 1147 993 1234 ἱστορεῖ...
1017 1154 1193 1232 sequuntur
1216 1168 1288 1232 pro·

77 1247 174 1326 digia.

159 1333 331 1410 Luculls28
355 1345 588 1429 Στράβων...
613 1345 791 1431 φιλόσοφος
814 1348 848 1411 ἐν
868 1351 935 1422 τοῖς
957 1347 1126 1429 λστορικοΐς
1147 1345 1291 1433 ὑπομνή-

75 1464 178 1527 μασιν
208 1446 325 1519 αὐτοδς
354 1447 436 1528 λε’γει
465 1447 539 1520 τοδς
568 1447 741 1528 Ῥωμαίους
771 1447 993 1528 αἰσχύνεσθαι
1024 1449 1078 1512 καλ
1111 1449 1292 1531 καταγελᾶν

75 1545 203 1610 ἑαυτῶν
225 1549 277 1610 ἐπ’
299 1546 498 1628 άνδράποδα
519 1551 656 1611 τοιαῦτα
678 1549 859 1632 δεηθέντας
880 1546 1000 1613 ὅπλων.

160 1646 246 1712 Sulla
277 1653 315 1710 26
355 1645 463 1734 Σάλλιγ
498 1650 536 1712 δὲ
565 1650 764 1732 διατρίβοντι
793 1650 868 1731 περὶ
905 1651 963 1724 τάς
991 1647 1128 1736 Ἀθήνας
1162 1646 1293 1736 άλγημα

75 1749 240 1830 ναρκῶδες
259 1748 344 1831 μετά
366 1749 487 1832 βάρους
508 1751 553 1826 εἰς
571 1751 646 1826 τοδς
668 1749 775 1826 πόδας
796 1752 969 1831 ἐνέπεσεν,
992 1747 1011 1815 δ’
1034 1772 1133 1836 φησιν
1153 1752 1169 1815 δ
1189 1752 1292 1835 Στρά-

73 1855 146 1932 βων
167 1847 337 1942 ποδάργας
357 1851 521 1940 ψελισμδν
543 1843 635 1916 εἶναι.

162 1951 226 2014 larn
266 1952 414 2032 quidnam
446 1971 483 2016 ex
516 1954 656 2035 reliquiis
689 1954 839 2018 libroruin
873 1953 1093 2019 historicorum
1127 1953 1290 2034 Strabonis

76 2048 274 2116 minimis'ad
303 2053 492 2131 sententiam
515 2059 654 2118 nostram
684 2053 946 2134 comprobandam
969 2055 1100 2119 eradere
1128 2053 1293 2134 possimus

76 2149 249 2216 videamus

162 2250 314 2316 Conferas
336 2251 452 2330 igitur:
1134 2273 1138 2282 ¹

76 2351 164 2416 Ρίιιί.
189 2357 303 2415 Aetion.
326 2355 369 2416 36
376 2375 384 2416 :
421 2351 461 2426 ιδς
488 2353 664 2434 Ἀντίγονον
713 2353 826 2420 Strabo
855 2352 899 2436 fr.
920 2353 1003 2418 XV:
1038 2352 1198 2428 Αντοίνιος
1233 2358 1295 2436 μὲν

74 2451 137 2514 τδν
164 2451 328 2530 Ἰουδαῖον,
364 2450 401 2515 ὃν
428 2454 481 2515 καί
511 2452 664 2534 προαγιδν
711 2454 886 2534 Ἀντίγονον
908 2452 1295 2533 τδνἸουδαῖονάχθέντα

75 2552 277 2631 ἐπελέκισεν,
290 2551 662 2636 οὐδενδςπρότερονὲτέ-
712 2551 756 2626 εἰς
766 2551 957 2632 Ἀντιόχειαν
971 2553 1138 2631 πελεκίζει·
1162 2555 1215 2617 καὶ
1226 2556 1292 2618 ἔδυ

75 2674 136 2735 ρον
156 2653 314 2734 βασιλέως
334 2650 417 2717 οὕτω
432 2654 661 2727 κολασθέντος.
712 2656 747 2728 ξε
770 2657 831 2734 μὲν
862 2640 954 2728 οὗτος
985 2656 1112 2735 πρῶτος
1132 2653 1295 2737 Ῥωμαίων
1327 2691 1330 2698 ’

710 2753 848 2834 βασιλέα
869 2753 1049 2820 πελεκίσαι.
1122 2827 1124 2832 ,

74 2851 365 2932 Ἁμμ.Μι’ίλιν.23.·
393 2851 504 2916 Μιλλιν.
538 2851 598 2914 ιδν
624 2901 630 2915 .
656 2903 661 2914 .
713 2851 828 2917 Strabo
848 2853 892 2934 fr.
915 2853 959 2918 V:
994 2861 1133 2942 πέμψας
1163 2855 1201 2918 δὲ
1229 2859 1294 2919 Μι-

45 2999 48 3002 -
76 2951 188 3013 παῖδα
210 3001 216 3015 .
242 3000 249 3014 .
273 2950 336 3015 σδυ
359 2948 504 3037 χρήμασι
531 2950 664 3024 πολλοῖς
712 2951 872 3034 θριδάτης
900 2951 944 3027 εἰς
966 2957 1021 3017 Κῶ
1039 2953 1136 3037 ἔλαβε
1157 2955 1295 3040 τάχρή-

74 3051 146 3114 dud
168 3053 225 3136 τῆς
245 3050 381 3134 μάμμης
408 3049 662 3132 Κλεοπάτρας..
711 3074 819 3133 ματα,
849 3048 937 3133 άπερ
968 3055 1067 3116 ἔθετο
1102 3055 1172 3118 ἐκεῖ
1200 3055 1295 3118 Κλεο-
1340 3113 1342 3117 .

76 3153 116 3216 ἐν
137 3154 191 3231 Κῷ
201 3151 503 3233 καταλελειμμίνον,
515 3151 661 3232 παραλα·
712 3149 825 3233 πάτρα
846 3150 868 3234 ἡ
888 3152 1070 3233 βασίλισσα
1090 3203 1097 3218 .
1118 3202 1125 3217 .

76 3248 149 3334 βιόν
170 3299 177 3315 .
201 3301 208 3316 .

30 3367 34 3374 ’
78 3351 167 3417 Ρίιιί.
185 3351 325 3416 Dentri:
355 3348 489 3414 ἐδόκει.
517 3398 524 3412 .
548 3350 664 3413 πεδίον
714 3350 799 3431 App.
819 3350 930 3415 Matar.
945 3355 980 3416 9:
1011 3351 1064 3414 καὶ
1087 3350 1105 3414 δ
1125 3351 1296 3432 Ἀντίγονος
1326 3346 1332 3360 '

78 3452 180 3534 ἐφειδν
198 3451 215 3514 δ
236 3451 407 3532 Ἀντίγονος
429 3447 578 3540 ψήγματι
592 3472 664 3529 χρυ·
712 3447 866 3513 ἐνύπνιον
895 3452 989 3528 ἔδοξε
1019 3452 1136 3515 πεδίου
1162 3453 1296 3529 σπεῖραι

79 3556 153 3616 σίου
174 3555 407 3632 κατασπείρειν
493 3547 663 3631 Μιθριδά-
715 3554 836 3631 χρυσίῳ
866 3550 920 3613 καὶ
942 3551 980 3613 τδ
1008 3557 1143 3633 χρυσίου
1170 3551 1295 3629 ἐκθερί-

75 3675 134 3735 της
156 3649 200 3724 εἰς
220 3649 350 3714 Πόντον
366 3649 444 3726 Eds.
460 3649 582 3730 οἴχεται
605 3697 636 3713 ..
657 3697 663 3712 .
715 3667 822 3712 σαντα
843 3649 1059 3734 Μιθριδάτην
1082 3652 1113 3725 ἐς
1132 3650 1189 3712 τδυ
1208 3646 1295 3712 Πόν-

712 3770 769 3811 τον
787 3747 950 3827 οἴχεσθαι.

80 3837 275 3847 -.—-..,—.—

77 3873 152 3927 nraie
178 3874 289 3929 edoctus
321 3891 375 3928 non
404 3872 536 3937 dedisset,
569 3871 621 3925 nisi
645 3870 721 3924 tonte
754 3869 803 3924 illo
830 3870 934 3940 optimo
965 3889 1029 3926 usus
1061 3873 1140 3926 esset.
1164 3900 1196 3910 -
1224 3869 1296 3938 Quas

77 3958 278 4026 descriptiones
292 3959 491 4030 geographicas
510 3975 542 4013 ex
560 3957 728 4025 Theophane
742 3972 823 4024 saepe
836 3955 999 4012 Strabonem
1020 3957 1219 4027 deprompsisse
1237 3957 1293 4010 elu-

77 4062 141 4099 oere
164 4044 273 4098 videtur
299 4061 331 4099 ex
354 4045 435 4099 loeis:
463 4047 517 4110 XI,
539 4047 604 4101 493:
633 4045 666 4098 de
691 4042 821 4098 Tanaidis
845 4043 968 4098 fontibus
991 4044 1145 4100 sententiae
1166 4043 1296 4099 dicuntur

77 4130 200 4185 virorum
219 4132 361 4186 doctorum
388 4134 417 4185 et
435 4133 559 4186 addiiur:
585 4133 684 4191 τούτοις
706 4132 733 4182 δλ
751 4131 861 4192 δμοδοξεῖ
878 4133 918 4182 καὶ
939 4131 1065 4200 Θεοφάνης
1082 4131 1094 4183 ὃ
1114 4133 1295 4200 Μιτυληναῖος.

78 4215 134 4283 XI,
155 4217 206 4271 503
235 4219 364 4286 Θεοφάνης
381 4220 428 4278 μίν
446 4208 503 4282 οἶα,
528 4218 751 4289 δοιιοτριιιενόιις
768 4216 805 4285 τῷ
824 4217 971 4288 Πομπηίῳ,
997 4220 1037 4270 καλ
1053 4224 1181 4283 γενόμενος
1198 4220 1224 4268 ἐν
1245 4226 1297 4273 τοῖς

75 4307 230 4369 Ἀλβανοῖς,
255 4307 350 4369 praeiri
369 4306 420 4358 τῶν
439 4301 579 4367 Ἀμαζόνων
598 4305 639 4354 καλ
657 4303 707 4355 τῶν
726 4301 856 4366 Ἀλβανῶν
876 4305 935 4371 opat
951 4307 978 4355 Γ
977 4306 1038 4373 η’λας
1060 4309 1133 4357 οἰκεῖν
1151 4304 1190 4355 καλ
1209 4303 1298 4370 Adros

78 4393 188 4453 Σκίθας
205 4434 211 4447 ,
231 4430 263 4447 ..

191 4513 288 4565 doado
1141 4491 1159 4544 4
