3452 5036
722 426 759 493 13

135 608 247 693 Pomp.
276 612 339 673 72:
379 607 455 692 μηδ’
494 603 553 684 ὅτι
582 606 719 689 Μάγνος
768 607 855 674 Caes.
879 611 938 673 45:
972 607 1042 672 οὐδ’
1070 609 1231 694 ἐμέμνητο
1259 615 1349 693 Πομ-

43 762 48 775 .
132 709 206 772 ἐστὶ
224 716 337 791 Πομπ.
359 710 531 788 ἐννοοῦντι,
547 708 719 772 ..κοῦκοῦν
767 705 860 794 πηιος
883 705 929 772 οῦν
949 709 1085 792 Μάγνος
1098 759 1175 775 .....
1178 759 1187 790 ,
1210 710 1353 775 »οὐκοῦν

120 810 190 882 ,καὶ
211 811 268 873 ἐπὶ
289 809 349 896 την
367 808 617 895 παρεμβολήνςτ
767 808 823 872 καὶ
844 808 902 872 ’ἐπὶ
922 809 983 896 την
1004 810 1251 894 παρεμβολήνμ

219 910 339 974 Deinde
361 911 493 975 Sertorii
515 911 611 974 vitam
635 914 764 991 spectes.

219 1009 266 1074 De
287 1010 432 1076 Laurens
455 1011 569 1091 oppidu
591 1030 611 1075 a
632 1009 769 1074 Sertorio
793 1009 939 1091 Pompeio
968 1015 1131 1092 spectante
1154 1015 1245 1092 capto
1268 1011 1347 1076 idem

32 1123 34 1186 3:
136 1109 211 1173 dicit
246 1112 384 1174 breviter
421 1111 451 1175 iu
482 1110 547 1174 vita
576 1110 682 1191 Pomp.
710 1111 763 1191 18,
800 1109 897 1184 fusius
926 1110 956 1173 in
986 1110 1050 1174 vita
1079 1109 1161 1175 Seri.
1190 1114 1243 1190 18,
1279 1128 1347 1174 cum

30 1279 32 1290 Ι
135 1208 302 1290 Pompeius
331 1209 421 1274 valde
449 1229 483 1274 re
509 1209 590 1275 bene
619 1211 765 1274 instituta
794 1209 921 1288 gavisus
950 1214 982 1273 et
1010 1208 1148 1288 glorians
1178 1210 1348 1275 Sertorium

28 1333 30 1402 j
133 1327 167 1372 se
188 1309 319 1374 cinxisse
335 1315 472 1390 putaret,
494 1309 632 1374 Sertorio
648 1310 714 1391 ipso
731 1327 829 1389 paene
847 1308 981 1373 cinctum
1008 1313 1040 1372 et
1065 1307 1246 1389 impeditum
1272 1327 1349 1389 esse,

134 1428 174 1472 ne
205 1409 339 1475 obsessis
368 1409 476 1473 incolis
505 1408 590 1473 urbis
613 1415 816 1475 succurreret.
846 1443 885 1454 —
914 1407 1045 1472 Sertorii
1069 1407 1160 1473 duces
1185 1409 1348 1491 Pompeius

134 1509 225 1591 vicit;
247 1509 420 1573 Sertorium
443 1510 544 1590 ipsum
568 1528 689 1591 quoque
711 1509 842 1590 aggredi
865 1508 1053 1587 conabatur,
1078 1510 1260 1590 priusquam
1282 1509 1349 1589 ipse

132 1625 203 1670 cum
226 1606 352 1672 Metelle
373 1610 476 1690 capias
498 1610 664 1674 iunxisset:

133 1707 246 1791 Pomp.
267 1713 324 1772 19:
357 1707 397 1782 aig
417 1709 462 1793 μη
482 1708 642 1791 μετάσχοι
662 1711 718 1795 τῆς
769 1707 848 1774 Seri.
871 1713 928 1771 19:
963 1705 1005 1779 οῦς
1032 1705 1079 1794 μη“
1106 1703 1266 1788 μετάσχοι
1294 1708 1350 1789 τῆς

135 1812 227 1890 νίκης
245 1807 421 1892 Μέτελλος.
769 1813 855 1891 νίκης
877 1807 1053 1882 Μέτελλος.

220 1905 378 1970 Sertorius
400 1907 466 1986 ipse
488 1926 610 1990 quoque
632 1926 700 1972 cum
723 1907 872 1988 Pompeio
895 1923 1035 1988 pugnare
1057 1904 1223 1984 studebat,
1248 1905 1349 1987 prius·

135 2024 230 2086 quam
253 1993 399 2070 Metellus
421 2006 606 2071 advenisset.
659 2006 707 2070 Ad
736 2024 896 2087 vesperum
921 2006 1017 2087 igitur
1038 2005 1077 2069 ad
1099 2005 1270 2070 Sucronem
1292 2004 1348 2070 flu-

135 2107 218 2169 vium
258 2123 370 2169 manus
411 2106 628 2170 conserebant.
688 2105 859 2186 Utriusque
897 2105 1031 2170 alterum
1069 2123 1163 2170 cornu
1198 2105 1350 2186 vincebat,
1437 2100 1441 2118 ⁸

136 2205 305 2285 Pompeius
334 2205 400 2286 ipsc
429 2208 460 2271 in
491 2211 614 2270 tantum
644 2205 725 2270 vitae
751 2205 920 2288 periculum
942 2204 1094 2270 adductus
1116 2210 1180 2285 est,
1212 2211 1348 2289 utaque

136 2305 246 2368 relicto
271 2304 403 2385 fugeret.

138 2404 268 2486 Pomp:
311 2413 486 2487 προέμενος
521 2404 581 2467 τὸν
615 2402 721 2468 ἵππον
769 2404 866 2468 Scri:
898 2404 1016 2485 ἔλαβον
1041 2402 1143 2467 αὐτοῦ
1164 2402 1222 2467 τῦν
1244 2401 1350 2467 ἵππον

137 2509 204 2578 τοῖς
243 2503 408 2586 πολεμιόις
447 2504 580 2588 φάλαρα
614 2507 721 2586 χρνσά
767 2505 877 2585 χρυσῷ
900 2513 1141 2588 κεκοσμημένον
1165 2504 1219 2568 καὶ
1245 2503 1349 2588 φαλά-

137 2604 192 2667 καὶ
220 2603 344 2685 κόσμον
369 2599 462 2680 ἄξιον
487 2604 610 2668 πολλοῦ
630 2625 718 2684 περι·
767 2626 831 2686 ρων
852 2601 1029 2668 άνάπλεων
1049 2605 1245 2671 πολυτελῶν.

137 2709 297 2784 κείμενον.

222 2803 297 2868 Cum
321 2809 451 2883 uterque
481 2819 569 2866 mane
591 2801 687 2866 aciem
711 2802 824 2866 iterum
848 2802 1036 2882 instrueret,
1069 2809 1104 2868 ut
1125 2804 1276 2885 proelium
1299 2823 1347 2868 re-

138 2910 285 2984 novaret,
312 2902 458 2966 Metellus
481 2902 622 2978 advenit3
651 2920 712 2983 qua
734 2920 768 2966 re
791 2902 947 2967 Sertorius
969 2906 1138 2968 exercitum
1160 2904 1286 2969 dimisit.
1308 2939 1347 2950 —

224 3003 382 3067 Sertorius
401 3001 522 3082 quidem
545 3002 723 3082 Pompeium
748 3020 810 3066 οοο
832 3003 936 3082 magni
959 3003 1164 3069 aestimabat:

139 3103 248 3186 Pomp.
270 3104 327 3167 18:
353 3099 515 3166 σκώπτων
536 3101 622 3182 ἔλεγε
644 3102 719 3182 νάρ-
768 3101 849 3168 Seri.
861 3108 917 3168 19:
942 3102 1029 3166 »ἀλλ’
1046 3104 1141 3185 ἔγωγε
1160 3103 1220 3167 τῦν
1241 3104 1349 3167 παῖδα

138 3207 239 3284 upana
261 3199 304 3265 άν
325 3201 415 3282 αὐτῷ
437 3201 554 3284 δεῆσαι
574 3199 719 3288 καὶοσκά-
766 3203 899 3281 τοῦτον,
937 3201 967 3266 εἰ
986 3202 1033 3289 μη
1062 3206 1172 3288 παρῆν
1204 3202 1224 3290 ἦ
1253 3206 1350 3287 γραῦς

138 3323 211 3375 τονς
225 3302 281 3363 ἐπὶ
294 3302 353 3363 τόν
368 3300 477 3362 παῖδα
491 3301 617 3379 τοῦτον,
633 3300 663 3364 εἰ
673 3300 719 3388 μη
768 3301 882 3386 ἐκείνη,
914 3304 1051 3386 πληγαῖς
1076 3300 1120 3367 db
1145 3304 1349 3388 νουθετήσας

138 3401 199 3489 την
220 3404 319 3484 γραῦν
340 3402 500 3484 ἐφοβεῖτο.
767 3399 811 3475 εἰς
832 3401 952 3484 Ῥώμην
975 3403 1224 3469 οἷπεστάλκειν.«
1270 3485 1272 3492 Α

222 3501 298 3566 Tam
318 3501 396 3566 bene
413 3501 524 3566 deinde
538 3500 693 3565 Sertorius
711 3518 773 3564 rem
790 3502 896 3582 gessit,
919 3510 954 3567 ut
970 3504 1136 3584 Pompeius
1157 3510 1189 3567 et
1205 3503 1348 3568 Meteilus

139 3602 296 3665 exercitus
328 3602 519 3666 reducerent,
570 3600 734 3680 Pompeius
765 3606 870 3665 autem
898 3601 938 3666 ad
969 3611 1110 3668 senatum
1140 3603 1281 3685 scripsit,
1312 3611 1350 3667 ut

138 3702 298 3782 pecuniam
322 3700 381 3764 sibi
405 3702 553 3765 mitteret.

137 3803 249 3884 Ροιιιγι.
270 3806 332 3866 20:
368 3807 411 3866 11.
438 3801 475 3863 dt
503 3801 545 3862 τά
576 3799 718 3863 πλεῖστα
769 3796 849 3863 Seri.
860 3803 923 3863 21:
945 3805 1026 3865 11...
1043 3801 1176 3884 γράφων
1194 3803 1276 3886 πρῦς
1290 3802 1350 3887 την

137 3905 203 3965 τοῖν
222 3901 312 3965 ἰδίων
330 3900 536 3984 ἐξανηλωκιῦς
553 3899 607 3962 καὶ
623 3922 719 3961 κατα·
770 3896 956 3982 σύγκλητον,
977 3899 1018 3974 (ῦς
1039 3900 1164 3978 άπάξει
1181 3903 1239 3966 νῦν
1253 3922 1349 3984 στρα·

137 4010 329 4085 κεχρημένος
378 4000 423 4076 εἰς
470 4001 529 4063 νῦν
575 3998 720 4081 πόλεμον
767 3998 841 4081 τόν,
873 3997 904 4062 εἰ
930 3999 975 4083 μη
1007 4008 1170 4082 πέμποιεν
1197 4001 1350 4084 άργάριον

137 4097 207 4184 ᾔτει
226 4101 378 4188 χρήματα
395 4101 457 4185 τήν
472 4099 657 4184 σύγκλητον,
680 4099 720 4174 οῦς
768 4099 866 4182 αὐτῷ·
906 4101 1165 4165 καταναλωκέναι
1198 4103 1258 4184 γάρ
1285 4099 1349 4188 ἤδη

137 4200 336 4283 α’φιξόμενος
353 4199 396 4274 εἰς
410 4201 550 4265 Ἰταλίαν
566 4203 651 4283 μετά
665 4205 721 4285 τῆς
768 4202 811 4264 τά
869 4201 972 4263 αὑτοῦ
1024 4201 1242 4285 προπολεμῶν
1294 4202 1350 4287 τῆς

139 4299 318 4382 δυνάμεως,
341 4298 371 4363 εἰ
390 4301 437 4384 μη
459 4309 632 4382 πέμποιεν.
767 4301 910 4375 Ἰταλίας.
