3452 5036
747 429 766 490 7

152 597 251 686 docet,
273 603 310 661 ut
332 619 390 682 par
410 621 556 668 numerus
578 622 693 684 eorum,
715 606 765 684 qui
788 604 978 669 frumentum
1000 605 1193 686 acciperent,
1215 621 1298 668 anno
1320 607 1359 668 46

150 708 224 764 ante
252 718 411 765 recensum
440 703 481 766 ab
505 703 638 768 Caesare
662 711 767 769 actum
796 705 892 771 luerit
917 712 1015 789 atque
1037 711 1111 770 unte
1134 705 1247 770 bellum
1270 705 1359 773 ciuile

151 820 233 865 anno
255 808 304 866 49.
355 802 442 881 Quae
465 803 602 868 locorum
626 806 844 886 interpretatio
867 807 999 870 nemihi
1021 806 1145 889 quidem
1167 804 1278 886 placet,
1303 823 1359 870 nec

152 900 226 964 mihi
249 902 440 982 persuadere
463 921 587 984 possum
610 905 741 970 eundem
762 904 856 970 fuisse
877 924 1040 970 nnmerum
1063 923 1184 983 eorum,
1206 905 1258 985 qni
1279 903 1359 968 bello
1411 965 1413 970 .
1448 945 1459 970 .

153 1001 339 1082 ceciderint,
376 1015 409 1066 et
438 1021 562 1083 eorum,
594 1006 648 1086 qni
676 1003 760 1069 haud
792 1023 847 1070 suo
878 1006 943 1068 iure
972 1005 1129 1068 civitatem
1159 1005 1359 1085 arripuerint.

154 1102 340 1166 Ceciderunt
361 1119 437 1165 sane
460 1103 582 1181 civium,
606 1104 657 1184 qui
681 1105 799 1170 Romae
823 1104 1015 1182 habitabant,
1040 1102 1121 1168 bello
1143 1103 1224 1168 civili
1242 1104 1358 1184 aliquot

154 1202 253 1282 milia,
281 1219 457 1283 magnaque
485 1203 633 1268 confluxit
661 1205 692 1268 in
720 1206 828 1270 urbem
850 1204 944 1268 turba
966 1201 1141 1284 hominum,
1171 1203 1226 1283 qui
1248 1203 1359 1267 civium

152 1301 221 1365 iura
250 1302 442 1382 arriperent,
470 1303 603 1366 eundem
625 1309 728 1368 autem
752 1304 848 1368 luisse
869 1321 1030 1367 nnmerum
1052 1303 1215 1382 utriusque
1236 1303 1360 1382 generis

153 1401 310 1465 hominum
342 1402 438 1465 miror
466 1405 536 1482 quis
567 1403 624 1467 sihi
657 1403 848 1484 persuadere
877 1403 985 1484 possit.
1036 1403 1071 1467 In
1102 1391 1234 1466 eundem
1264 1401 1360 1481 igitur

153 1518 288 1564 errorem
312 1501 499 1566 Plutarchus
521 1509 553 1566 et
575 1503 736 1584 Appianas
767 1502 941 1568 inciderunt
973 1502 1126 1566 communi
1155 1509 1280 1566 auctore
1302 1502 1359 1566 usi.

153 1599 293 1662 Asinium
312 1609 427 1682 autem,
451 1600 595 1666 Caesaris
615 1605 775 1683 aequalem
799 1611 831 1667 et
849 1602 1042 1680 familiarem,
1064 1602 1093 1664 in
1117 1600 1209 1664 talem
1224 1619 1360 1665 errorem

153 1698 289 1765 incidere
319 1720 379 1766 non
410 1703 549 1784 potuisse
577 1704 772 1768 manifestum
803 1712 861 1768 est.
905 1702 1107 1783 Aliusigitur
1129 1699 1293 1780 initiens,
1323 1719 1361 1764 ex

153 1818 213 1881 quo
241 1806 409 1885 utrumque
439 1802 581 1867 hausisse
611 1803 706 1867 verba
736 1820 858 1885 quoque
889 1802 1045 1867 simillima
1072 1801 1111 1866 ab
1134 1807 1269 1882 utroque
1290 1819 1360 1882 pro-

154 1902 298 1965 nuntiata
319 1900 442 1966 docent.

236 2000 323 2066 Alter
356 2003 480 2066 deinde¹
495 2003 678 2068 tractandus
700 2008 750 2066 est
772 2003 874 2082 locus,
904 2003 1019 2084 inquo
1042 1997 1278 2081 interpretando
1302 1998 1360 2062 viri

154 2100 197 2165 illi
219 2101 417 2166 dissentiunt.
460 2101 520 2178 Qui
541 2102 627 2166 locus
650 2110 756 2167 exstat
778 2104 808 2166 in
830 2103 909 2166 Plut.
930 2120 959 2166 v.
982 2102 1071 2166 Caes
1087 2107 1143 2164 lu:
1166 2103 1360 2180 Καῖσαρ

82 2275 87 2282 ι
155 2193 248 2264 εἶπεν
269 2199 335 2283 άρα
357 2202 525 2278 στενάξας
562 2205 677 2265 »τοῦτο
699 2202 944 2287 ἐβουλήθησαν,
975 2200 1019 2276 εἰς
1040 2197 1137 2263 τοῦτό
1161 2221 1202 2280 με
1222 2197 1362 2281 άνάγκης

154 2300 367 2384 ὑπηγάγοντο,
391 2299 444 2365 ἵνα
466 2301 565 2376 Γάϊος
586 2306 716 2383 Καῖσαρ
737 2302 938 2384 άμεγίστους
958 2302 1119 2382 πολέμους
1136 2297 1360 2380 κατορθώσας,

154 2401 185 2466 εἰ
204 2400 398 2484 προηκάμην
419 2401 462 2465 τοὶ
482 2401 720 2483 στρατεύματα,
742 2401 805 2466 κάν
825 2401 1099 2484 κατεδικάσθην.«
1146 2399 1261 2464 Ταῦτά
1282 2417 1362 2481 φησι

154 2502 303 2568 Πολλίων
323 2502 472 2576 Ἀσίννιος
493 2503 535 2564 τά
557 2500 688 2588 ῥήματα
710 2502 883 2585 Ῥωμαϊστὶ
911 2508 972 2585 μὲν
1000 2501 1284 2584 α’ναφθέγξασθαι
1302 2497 1361 2562 τόν

154 2607 307 2683 Καίσαρα
321 2601 414 2683 παρά
430 2602 489 2665 τὸν
505 2600 581 2666 τότε
595 2601 718 2684 καιρόν,
739 2603 915 2686 Ἑλληνιστὶ
933 2604 961 2665 δ’
977 2602 1033 2665 ὑπ’
1047 2601 1150 2664 αὐτοῦ
1167 2598 1361 2681 γεγράφθαι.

155 2699 224 2776 Quo
252 2702 319 2767 loco
350 2701 462 2767 dubiae
490 2702 724 2783 significationis
746 2711 820 2769 sunt
841 2703 936 2767 verba
957 2701 1013 2765 rio*
1031 2703 1142 2779 αὐτοῦ,
1171 2707 1202 2762 et
1226 2699 1284 2762 »ab
1304 2716 1359 2761 eo«

157 2807 189 2865 et
210 2819 247 2863 »a
259 2819 313 2866 se«
332 2820 351 2866 a
367 2803 440 2866 viris
460 2802 559 2867 doctis
578 2803 709 2868 reddita.
750 2803 854 2868 Primo
871 2803 993 2884 quidem
1009 2803 1122 2867 obtutu
1139 2800 1178 2863 ad
1195 2797 1360 2862 Caesarem

158 2901 321 2966 referenda
351 2907 383 2966 et
413 2901 473 2966 »ah
495 2921 550 2966 eo«
573 2903 733 2970 reddenda
756 2923 823 2968 esse
846 2903 1001 2967 videntur.
1054 2901 1152 2980 Quam
1174 2899 1360 2964 sententiam

156 3001 200 3064 eis
221 3001 349 3066 subesse
370 3020 425 3066 suo
449 3003 515 3066 iure
538 3009 633 3082 negat
649 3003 838 3084 Thouretus,
861 3021 960 3085 neque
979 3002 1037 3066 sibi
1054 2999 1241 3082 persuadere
1257 3003 1363 3077 potest

156 3099 297 3164 Asinium
323 3101 478 3166 mentione
505 3101 630 3182 dignum
661 3103 819 3183 putavisse
845 3102 1009 3166 Caesarem
1043 3099 1137 3165 verba
1166 3098 1262 3162 latine
1290 3114 1362 3177 pro·

156 3201 302 3264 nuntiata
332 3208 443 3281 postea
475 3219 585 3283 graece
615 3203 729 3267 litteris
760 3202 969 3266 mandavisse.
1021 3200 1067 3264 Ad
1098 3199 1235 3263 Asinium
1265 3195 1362 3276 igitur

156 3299 253 3363 verba
275 3298 393 3364 referas
414 3307 446 3365 et
470 3319 507 3364 »a
527 3319 579 3365 se«
603 3303 725 3368 reddas,
777 3305 819 3367 At
838 3303 922 3367 locus
944 3301 1083 3366 Suetonii
1106 3300 1166 3362 div.
1188 3295 1244 3361 lul.
1270 3300 1308 3360 30
1330 3300 1362 3359 et

156 3399 333 3480 fragmenta
363 3401 460 3464 Asinii
497 3400 585 3465 nobis
621 3402 738 3467 tradita
766 3402 1005 3468 luculentissime
1032 3420 1101 3465 eum
1130 3401 1229 3463 latina
1255 3397 1362 3476 lingua

102 3528 105 3536 ·
156 3519 246 3565 usum
281 3519 349 3564 esse
381 3499 604 3566 demonstrant.
655 3502 741 3581 Quae
773 3522 841 3568 eum
870 3502 929 3566 sihi
959 3508 1149 3582 repugnent,
1185 3498 1360 3562 Thouretus

157 3599 250 3664 verba
275 3601 503 3681 interpretatus
526 3611 574 3665 est
596 3621 625 3682 p.
646 3606 701 3666 341
728 3602 788 3669 hoc
811 3603 921 3667 modo:
953 3599 1175 3678 »Plutarchus,
1196 3615 1264 3660 cum
1286 3594 1362 3658 haec

156 3700 222 3764 lere
245 3700 339 3764 verba
360 3701 442 3781 apud
465 3707 624 3766 auctorem
642 3721 732 3767 suum
750 3705 884 3783 legeret:
906 3704 1021 3779 ταῦτα,
1043 3697 1108 3780 (ὥς)
1123 3713 1203 3779 φησι
1213 3694 1363 3759 Πολλίων

154 3800 235 3879 idm,
259 3799 435 3885 τάρήματα
455 3801 628 3882 Ῥωμαϊστὶ
657 3807 718 3884 μὲν
745 3803 974 3884 α’νεφθέγξατο
1000 3799 1017 3862 ὁ
1038 3801 1167 3877 Καῖσαρ
1190 3793 1282 3874 παρά
1304 3793 1362 3855 τόν

155 3899 231 3963 τότε
262 3899 384 3985 καιρόν,
415 3900 592 3987 Ἑλληνιστὶ
625 3904 654 3965 δ’
682 3903 738 3966 ὑπ’
769 3905 850 3983 ἐμοῦ
890 3899 973 3984 (scil.
1004 3917 1023 3962 a
1051 3898 1201 3977 scriptore
1225 3893 1361 3973 Graeco)

156 4010 346 4082 γέγραπται·
392 4002 484 4067 etiam
514 4002 567 4066 illa
598 4003 693 4067 verba
726 4002 801 4065 »ὑπ’
821 4004 902 4084 ἐμοῦ
923 4009 1116 4082 γέγραπταια
1145 3997 1243 4078 ipsius
1264 3993 1362 4059 Asinii

156 4101 304 4166 Pollionis
324 4101 421 4167 duxit.
470 4101 575 4180 Quare
596 4102 664 4167 fieri
681 4121 742 4168 non
762 4104 874 4184 potuit,
896 4103 972 4184 quin
985 4099 1164 4178 ambiguam
1177 4094 1361 4160 sententiam

156 4201 322 4282 proderet,
353 4202 379 4265 si
401 4202 478 4266 satis
501 4203 611 4268 habuit
632 4202 783 4267 directam
808 4200 981 4265 orationem
1002 4200 1034 4264 in
1056 4196 1212 4276 obliquam
1235 4211 1363 4258 conver-

153 4307 229 4368 tere.
275 4303 308 4370 Si
336 4301 395 4366 hoe
423 4320 530 4367 verum
561 4311 624 4383 est,
654 4303 770 4385 optimo
801 4302 869 4367 iure
899 4318 947 4365 me
975 4303 1227 4365 asseveraturum
1257 4311 1361 4374 spero,
1464 4334 1466 4338 .
