<?xml version="1.0" encoding="UTF-8"?>
<!DOCTYPE html PUBLIC "-//W3C//DTD XHTML 1.0 Transitional//EN"
    "http://www.w3.org/TR/xhtml1/DTD/xhtml1-transitional.dtd">
<html xmlns="http://www.w3.org/1999/xhtml" xml:lang="en" lang="en">
 <head>
  <title>
</title>
<meta http-equiv="Content-Type" content="text/html;charset=utf-8" />
  <meta name='ocr-system' content='tesseract 3.04.00' />
  <meta name='ocr-capabilities' content='ocr_page ocr_carea ocr_par ocr_line ocrx_word'/>
</head>
<body>
  <div class='ocr_page' id='page_1' title='image "./quaestionesplut00vogegoog_0048.png"; bbox 0 0 3452 5036; ppageno 0'>
   <div class='ocr_carea' id='block_1_1' title="bbox 715 435 750 496">
    <p class='ocr_par' dir='ltr' id='par_1_1' title="bbox 715 435 750 496">
     <span class='ocr_line' id='line_1_1' title="bbox 715 435 750 496; baseline 0 0"><span class='ocrx_word' id='word_1_1' title='bbox 715 435 750 496; x_wconf 78' lang='lat' dir='ltr'><strong><em>hl</em></strong></span> 
     </span>
    </p>
   </div>
   <div class='ocr_carea' id='block_1_2' title="bbox 120 606 1342 787">
    <p class='ocr_par' dir='ltr' id='par_1_2' title="bbox 120 606 1342 787">
     <span class='ocr_line' id='line_1_2' title="bbox 121 606 1342 692; baseline 0.002 -22"><span class='ocrx_word' id='word_1_2' title='bbox 121 606 232 687; x_wconf 85' lang='lat' dir='ltr'>fugarn</span> <span class='ocrx_word' id='word_1_3' title='bbox 254 613 286 671; x_wconf 89' lang='lat' dir='ltr'><strong><em>et</em></strong></span> <span class='ocrx_word' id='word_1_4' title='bbox 308 607 472 673; x_wconf 81' lang='lat' dir='ltr'>Corneliae</span> <span class='ocrx_word' id='word_1_5' title='bbox 496 615 657 690; x_wconf 83' lang='lat' dir='ltr'>terrorem,</span> <span class='ocrx_word' id='word_1_6' title='bbox 680 611 861 691; x_wconf 82' lang='lat' dir='ltr'>Cratippum</span> <span class='ocrx_word' id='word_1_7' title='bbox 886 615 990 674; x_wconf 86' lang='lat' dir='ltr'>autern</span> <span class='ocrx_word' id='word_1_8' title='bbox 1012 608 1228 692; x_wconf 85' lang='lat' dir='ltr'>philosophum</span> <span class='ocrx_word' id='word_1_9' title='bbox 1251 609 1342 673; x_wconf 86' lang='lat' dir='ltr'>Poru-</span> 
     </span>
     <span class='ocr_line' id='line_1_3' title="bbox 120 708 906 787; baseline 0.004 -17"><span class='ocrx_word' id='word_1_10' title='bbox 120 708 229 787; x_wconf 84' lang='lat' dir='ltr'>paiuur</span> <span class='ocrx_word' id='word_1_11' title='bbox 254 708 407 772; x_wconf 85' lang='lat' dir='ltr'>consolari</span> <span class='ocrx_word' id='word_1_12' title='bbox 432 717 576 775; x_wconf 87' lang='lat' dir='ltr'>conatum</span> <span class='ocrx_word' id='word_1_13' title='bbox 598 729 666 775; x_wconf 89' lang='lat' dir='ltr'>esse</span> <span class='ocrx_word' id='word_1_14' title='bbox 685 729 710 774; x_wconf 87' lang='lat' dir='ltr'><strong><em>e.</em></strong></span> <span class='ocrx_word' id='word_1_15' title='bbox 728 711 777 774; x_wconf 72' lang='lat'><strong><em>74.</em></strong></span> <span class='ocrx_word' id='word_1_16' title='bbox 799 715 846 773; x_wconf 78' lang='lat'><strong><em>75.</em></strong></span> <span class='ocrx_word' id='word_1_17' title='bbox 868 744 906 754; x_wconf 94' lang='lat'>-</span> 
     </span>
    </p>
   </div>
   <div class='ocr_carea' id='block_1_3' title="bbox 123 817 1341 1005">
    <p class='ocr_par' dir='ltr' id='par_1_3' title="bbox 123 817 1341 1005">
     <span class='ocr_line' id='line_1_4' title="bbox 209 817 1341 906; baseline -0.001 -20"><span class='ocrx_word' id='word_1_18' title='bbox 209 822 243 886; x_wconf 92' lang='lat' dir='ltr'><strong><em>Id</em></strong></span> <span class='ocrx_word' id='word_1_19' title='bbox 274 822 370 903; x_wconf 83' lang='lat' dir='ltr'>igitur</span> <span class='ocrx_word' id='word_1_20' title='bbox 399 842 436 886; x_wconf 87' lang='lat' dir='ltr'><strong><em>ex</em></strong></span> <span class='ocrx_word' id='word_1_21' title='bbox 468 823 529 889; x_wconf 84' lang='lat' dir='ltr'>hac.</span> <span class='ocrx_word' id='word_1_22' title='bbox 555 826 666 891; x_wconf 85' lang='lat' dir='ltr'>ultima</span> <span class='ocrx_word' id='word_1_23' title='bbox 696 844 821 906; x_wconf 87' lang='lat' dir='ltr'>quoque</span> <span class='ocrx_word' id='word_1_24' title='bbox 851 817 940 906; x_wconf 81' lang='lat' dir='ltr'>pa&#39;rte</span> <span class='ocrx_word' id='word_1_25' title='bbox 970 825 1041 888; x_wconf 87' lang='lat' dir='ltr'>iicet</span> <span class='ocrx_word' id='word_1_26' title='bbox 1069 822 1181 904; x_wconf 83' lang='lat' dir='ltr'>eunici,</span> <span class='ocrx_word' id='word_1_27' title='bbox 1214 823 1341 887; x_wconf 89' lang='lat' dir='ltr'>Plutar-</span> 
     </span>
     <span class='ocr_line' id='line_1_5' title="bbox 123 921 1341 1005; baseline -0.003 -18"><span class='ocrx_word' id='word_1_28' title='bbox 123 922 217 987; x_wconf 88' lang='lat' dir='ltr'><strong>chum</strong></span> <span class='ocrx_word' id='word_1_29' title='bbox 238 928 270 986; x_wconf 88' lang='lat' dir='ltr'><strong><em>at</em></strong></span> <span class='ocrx_word' id='word_1_30' title='bbox 288 923 464 1004; x_wconf 82' lang='lat' dir='ltr'>Appianum</span> <span class='ocrx_word' id='word_1_31' title='bbox 487 923 572 991; x_wconf 86' lang='lat' dir='ltr'>fante</span> <span class='ocrx_word' id='word_1_32' title='bbox 589 927 742 990; x_wconf 89' lang='lat' dir='ltr'>communi</span> <span class='ocrx_word' id='word_1_33' title='bbox 763 927 869 1005; x_wconf 83' lang='lat' dir='ltr'>lingua</span> <span class='ocrx_word' id='word_1_34' title='bbox 891 940 1004 1004; x_wconf 83' lang='lat' dir='ltr'>graeca</span> <span class='ocrx_word' id='word_1_35' title='bbox 1027 921 1143 1002; x_wconf 84' lang='lat' dir='ltr'>scripto</span> <span class='ocrx_word' id='word_1_36' title='bbox 1167 938 1240 984; x_wconf 90' lang='lat' dir='ltr'>usos</span> <span class='ocrx_word' id='word_1_37' title='bbox 1264 938 1341 984; x_wconf 85' lang='lat' dir='ltr'>asse.</span> 
     </span>
    </p>
   </div>
   <div class='ocr_carea' id='block_1_4' title="bbox 122 1044 1341 1232">
    <p class='ocr_par' dir='ltr' id='par_1_4' title="bbox 122 1044 1341 1232">
     <span class='ocr_line' id='line_1_6' title="bbox 210 1044 1341 1129; baseline -0.003 -19"><span class='ocrx_word' id='word_1_38' title='bbox 210 1047 376 1112; x_wconf 87' lang='lat' dir='ltr'>In&#39;eeteris</span> <span class='ocrx_word' id='word_1_39' title='bbox 398 1067 521 1129; x_wconf 86' lang='lat' dir='ltr'>queque</span> <span class='ocrx_word' id='word_1_40' title='bbox 541 1050 699 1115; x_wconf 81' lang='lat' dir='ltr'>Plutarchi</span> <span class='ocrx_word' id='word_1_41' title='bbox 727 1051 798 1114; x_wconf 92' lang='lat' dir='ltr'>vitis</span> <span class='ocrx_word' id='word_1_42' title='bbox 819 1051 954 1114; x_wconf 89' lang='lat' dir='ltr'>virorum</span> <span class='ocrx_word' id='word_1_43' title='bbox 975 1048 1187 1111; x_wconf 86' lang='lat' dir='ltr'>Rornanorum</span> <span class='ocrx_word' id='word_1_44' title='bbox 1212 1044 1341 1108; x_wconf 87' lang='lat' dir='ltr'>eandem</span> 
     </span>
     <span class='ocr_line' id='line_1_7' title="bbox 122 1141 1340 1232; baseline -0.002 -24"><span class='ocrx_word' id='word_1_45' title='bbox 122 1147 247 1226; x_wconf 86' lang='lat' dir='ltr'>saepius</span> <span class='ocrx_word' id='word_1_46' title='bbox 269 1153 395 1212; x_wconf 86' lang='lat' dir='ltr'>exstare</span> <span class='ocrx_word' id='word_1_47' title='bbox 414 1166 481 1212; x_wconf 88' lang='lat' dir='ltr'>cunr</span> <span class='ocrx_word' id='word_1_48' title='bbox 502 1151 643 1232; x_wconf 82' lang='lat' dir='ltr'>Appiano</span> <span class='ocrx_word' id='word_1_49' title='bbox 661 1149 892 1214; x_wconf 83' lang='lat' dir='ltr'>similitudinem</span> <span class='ocrx_word' id='word_1_50' title='bbox 908 1149 999 1230; x_wconf 84' lang='lat' dir='ltr'>pauci</span> <span class='ocrx_word' id='word_1_51' title='bbox 1015 1147 1146 1211; x_wconf 81' lang='lat' dir='ltr'>doceant</span> <span class='ocrx_word' id='word_1_52' title='bbox 1159 1142 1217 1208; x_wconf 85' lang='lat' dir='ltr'>loci</span> <span class='ocrx_word' id='word_1_53' title='bbox 1236 1141 1340 1206; x_wconf 85' lang='lat' dir='ltr'>allati:</span> 
     </span>
    </p>
   </div>
   <div class='ocr_carea' id='block_1_5' title="bbox 120 1276 1343 2363">
    <p class='ocr_par' dir='ltr' id='par_1_5' title="bbox 120 1276 1343 2063">
     <span class='ocr_line' id='line_1_8' title="bbox 122 1276 1340 1362; baseline -0.007 -22"><span class='ocrx_word' id='word_1_54' title='bbox 122 1277 210 1342; x_wconf 80' lang='lat' dir='ltr'>Plut.</span> <span class='ocrx_word' id='word_1_55' title='bbox 228 1278 325 1342; x_wconf 82' lang='lat' dir='ltr'>Brut.</span> <span class='ocrx_word' id='word_1_56' title='bbox 340 1281 400 1344; x_wconf 84' lang='lat'><strong><em>31:</em></strong></span> <span class='ocrx_word' id='word_1_57' title='bbox 426 1281 509 1362; x_wconf 75' lang='grc' dir='ltr'><strong><em>φασὶ</em></strong></span> <span class='ocrx_word' id='word_1_58' title='bbox 532 1280 570 1343; x_wconf 77' lang='grc' dir='ltr'><strong><em>δὲ</em></strong></span> <span class='ocrx_word' id='word_1_59' title='bbox 592 1281 710 1362; x_wconf 87' lang='grc' dir='ltr'><strong><em>μόνόυς</em></strong></span> <span class='ocrx_word' id='word_1_60' title='bbox 758 1283 844 1362; x_wconf 82' lang='grc' dir='ltr'><strong><em>Αμμ.</em></strong></span> <span class='ocrx_word' id='word_1_61' title='bbox 867 1282 894 1344; x_wconf 90' lang='grc' dir='ltr'><strong><em>ό.</em></strong></span> <span class='ocrx_word' id='word_1_62' title='bbox 917 1301 943 1346; x_wconf 88' lang='grc' dir='ltr'><strong><em>υ.</em></strong></span> <span class='ocrx_word' id='word_1_63' title='bbox 965 1279 1027 1355; x_wconf 88' lang='lat' dir='ltr'><strong><em>IV,</em></strong></span> <span class='ocrx_word' id='word_1_64' title='bbox 1047 1280 1106 1340; x_wconf 78' lang='lat'><strong><em>80:</em></strong></span> <span class='ocrx_word' id='word_1_65' title='bbox 1137 1276 1281 1355; x_wconf 86' lang='grc' dir='ltr'><strong><em>Βροῦτος</em></strong></span> <span class='ocrx_word' id='word_1_66' title='bbox 1306 1324 1340 1336; x_wconf 90' lang='grc'><strong><em>..</em></strong></span> 
     </span>
     <span class='ocr_line' id='line_1_9' title="bbox 123 1371 1343 1463; baseline -0.002 -26"><span class='ocrx_word' id='word_1_67' title='bbox 123 1376 242 1439; x_wconf 86' lang='grc' dir='ltr'><strong><em>ἑκατόν</em></strong></span> <span class='ocrx_word' id='word_1_68' title='bbox 296 1377 500 1463; x_wconf 78' lang='grc' dir='ltr'><strong><em>πεντήκοντα</em></strong></span> <span class='ocrx_word' id='word_1_69' title='bbox 553 1386 711 1462; x_wconf 86' lang='grc' dir='ltr'><strong><em>γενέσθαι</em></strong></span> <span class='ocrx_word' id='word_1_70' title='bbox 757 1372 825 1460; x_wconf 82' lang='grc' dir='ltr'><strong><em>εἶχε</em></strong></span> <span class='ocrx_word' id='word_1_71' title='bbox 846 1430 882 1444; x_wconf 95' lang='grc'><strong><em>..</em></strong></span> <span class='ocrx_word' id='word_1_72' title='bbox 911 1375 1034 1460; x_wconf 77' lang='grc' dir='ltr'><strong><em>ἄνδρας</em></strong></span> <span class='ocrx_word' id='word_1_73' title='bbox 1063 1375 1141 1439; x_wconf 78' lang='grc' dir='ltr'><strong><em>οὐδὲ</em></strong></span> <span class='ocrx_word' id='word_1_74' title='bbox 1169 1375 1200 1448; x_wconf 91' lang='grc' dir='ltr'><strong><em>ἐς</em></strong></span> <span class='ocrx_word' id='word_1_75' title='bbox 1225 1371 1343 1438; x_wconf 85' lang='grc' dir='ltr'><strong><em>ἑκατόν</em></strong></span> 
     </span>
     <span class='ocr_line' id='line_1_10' title="bbox 121 1473 1342 1566; baseline -0.002 -27"><span class='ocrx_word' id='word_1_76' title='bbox 121 1477 200 1550; x_wconf 84' lang='grc' dir='ltr'><strong><em>τοδς</em></strong></span> <span class='ocrx_word' id='word_1_77' title='bbox 213 1477 259 1562; x_wconf 71' lang='grc' dir='ltr'><strong><em>μή</em></strong></span> <span class='ocrx_word' id='word_1_78' title='bbox 272 1476 490 1562; x_wconf 79' lang='grc' dir='ltr'><strong><em>διαφυγόντας</em></strong></span> <span class='ocrx_word' id='word_1_79' title='bbox 500 1482 539 1543; x_wconf 85' lang='grc' dir='ltr'><strong><em>τό</em></strong></span> <span class='ocrx_word' id='word_1_80' title='bbox 551 1485 709 1566; x_wconf 81' lang='grc' dir='ltr'><strong><em>σωθῆναι.</em></strong></span> <span class='ocrx_word' id='word_1_81' title='bbox 756 1481 810 1543; x_wconf 84' lang='grc' dir='ltr'><strong><em>καὶ</em></strong></span> <span class='ocrx_word' id='word_1_82' title='bbox 842 1478 1047 1563; x_wconf 77' lang='grc' dir='ltr'><strong><em>πεντήκοντα</em></strong></span> <span class='ocrx_word' id='word_1_83' title='bbox 1073 1477 1212 1548; x_wconf 80' lang='grc' dir='ltr'><strong><em>πάντας.</em></strong></span> <span class='ocrx_word' id='word_1_84' title='bbox 1255 1473 1342 1544; x_wconf 83' lang='grc' dir='ltr'><strong><em>Ξόν-</em></strong></span> 
     </span>
     <span class='ocr_line' id='line_1_11' title="bbox 121 1570 1343 1666; baseline -0.004 -25"><span class='ocrx_word' id='word_1_85' title='bbox 121 1577 268 1650; x_wconf 78' lang='grc' dir='ltr'><strong><em>Ξάνθιοι</em></strong></span> <span class='ocrx_word' id='word_1_86' title='bbox 295 1585 357 1661; x_wconf 81' lang='grc' dir='ltr'><strong><em>μὲν</em></strong></span> <span class='ocrx_word' id='word_1_87' title='bbox 392 1570 452 1644; x_wconf 72' lang='grc' dir='ltr'><strong><em>οὖν</em></strong></span> <span class='ocrx_word' id='word_1_88' title='bbox 488 1580 544 1644; x_wconf 82' lang='grc' dir='ltr'><strong><em>διδ</em></strong></span> <span class='ocrx_word' id='word_1_89' title='bbox 579 1581 710 1644; x_wconf 93' lang='grc' dir='ltr'><strong><em>πολλῶν</em></strong></span> <span class='ocrx_word' id='word_1_90' title='bbox 758 1587 826 1645; x_wconf 88' lang='grc' dir='ltr'><strong><em>θιοι</em></strong></span> <span class='ocrx_word' id='word_1_91' title='bbox 855 1585 917 1662; x_wconf 81' lang='grc' dir='ltr'><strong><em>μὲν</em></strong></span> <span class='ocrx_word' id='word_1_92' title='bbox 943 1580 984 1666; x_wconf 76' lang='grc' dir='ltr'><strong><em>δη</em></strong></span> <span class='ocrx_word' id='word_1_93' title='bbox 1014 1585 1123 1661; x_wconf 89' lang='grc' dir='ltr'><strong><em>τρίτον</em></strong></span> <span class='ocrx_word' id='word_1_94' title='bbox 1152 1575 1219 1641; x_wconf 62' lang='lat' dir='ltr'><strong><em>tino⁸</em></strong></span> <span class='ocrx_word' id='word_1_95' title='bbox 1249 1578 1343 1658; x_wconf 80' lang='grc' dir='ltr'><strong><em>σφῶν</em></strong></span> 
     </span>
     <span class='ocr_line' id='line_1_12' title="bbox 120 1677 1340 1763; baseline -0.005 -20"><span class='ocrx_word' id='word_1_96' title='bbox 120 1677 249 1762; x_wconf 86' lang='grc' dir='ltr'><strong><em>χρόνων</em></strong></span> <span class='ocrx_word' id='word_1_97' title='bbox 278 1678 391 1762; x_wconf 85' lang='grc' dir='ltr'><strong><em>ῶσπερ</em></strong></span> <span class='ocrx_word' id='word_1_98' title='bbox 424 1679 621 1763; x_wconf 78' lang='grc' dir='ltr'><strong><em>εἱμαρμένην</em></strong></span> <span class='ocrx_word' id='word_1_99' title='bbox 651 1704 709 1743; x_wconf 91' lang='grc' dir='ltr'><strong><em>πε·</em></strong></span> <span class='ocrx_word' id='word_1_100' title='bbox 757 1680 866 1744; x_wconf 72' lang='grc' dir='ltr'><strong><em>αὐτῶν</em></strong></span> <span class='ocrx_word' id='word_1_101' title='bbox 898 1677 1108 1759; x_wconf 71' lang='grc' dir='ltr'><strong><em>ἀπώλλυντο,</em></strong></span> <span class='ocrx_word' id='word_1_102' title='bbox 1152 1677 1340 1757; x_wconf 88' lang='grc' dir='ltr'><strong><em>ἐλευθεριάς</em></strong></span> 
     </span>
     <span class='ocr_line' id='line_1_13' title="bbox 123 1771 1339 1863; baseline -0.006 -22"><span class='ocrx_word' id='word_1_103' title='bbox 123 1779 235 1859; x_wconf 93' lang='grc' dir='ltr'><strong><em>ρίοδον</em></strong></span> <span class='ocrx_word' id='word_1_104' title='bbox 271 1780 459 1863; x_wconf 79' lang='grc' dir='ltr'><strong><em>διαφθορᾶς</em></strong></span> <span class='ocrx_word' id='word_1_105' title='bbox 492 1780 709 1854; x_wconf 83' lang='grc' dir='ltr'><strong><em>α’ποδιδόντες</em></strong></span> <span class='ocrx_word' id='word_1_106' title='bbox 758 1777 883 1844; x_wconf 74' lang='grc' dir='ltr'><strong><em>οὕνεκα.</em></strong></span> <span class='ocrx_word' id='word_1_107' title='bbox 925 1780 979 1842; x_wconf 82' lang='grc' dir='ltr'><strong><em>καὶ</em></strong></span> <span class='ocrx_word' id='word_1_108' title='bbox 1008 1778 1069 1860; x_wconf 80' lang='grc' dir='ltr'><strong><em>γδρ</em></strong></span> <span class='ocrx_word' id='word_1_109' title='bbox 1099 1777 1168 1840; x_wconf 79' lang='grc' dir='ltr'><strong><em>ἐπὶ·</em></strong></span> <span class='ocrx_word' id='word_1_110' title='bbox 1183 1771 1339 1856; x_wconf 77' lang='grc' dir='ltr'><strong><em>Ἁρπάγου</em></strong></span> 
     </span>
     <span class='ocr_line' id='line_1_14' title="bbox 123 1873 1339 1965; baseline -0.005 -24"><span class='ocrx_word' id='word_1_111' title='bbox 123 1879 185 1965; x_wconf 78' lang='grc' dir='ltr'><strong><em>την</em></strong></span> <span class='ocrx_word' id='word_1_112' title='bbox 205 1883 270 1943; x_wconf 89' lang='grc' dir='ltr'><strong><em>τῶν</em></strong></span> <span class='ocrx_word' id='word_1_113' title='bbox 291 1879 460 1961; x_wconf 86' lang='grc' dir='ltr'><strong><em>προγόνων</em></strong></span> <span class='ocrx_word' id='word_1_114' title='bbox 481 1878 709 1944; x_wconf 79' lang='grc' dir='ltr'><strong><em>οἷνενεῶσαυτο</em></strong></span> <span class='ocrx_word' id='word_1_115' title='bbox 759 1934 765 1946; x_wconf 96' lang='grc'><strong><em>.</em></strong></span> <span class='ocrx_word' id='word_1_116' title='bbox 789 1930 825 1945; x_wconf 93' lang='grc'><strong><em>..</em></strong></span> <span class='ocrx_word' id='word_1_117' title='bbox 856 1883 945 1963; x_wconf 77' lang='grc' dir='ltr'><strong><em>σφᾶς</em></strong></span> <span class='ocrx_word' id='word_1_118' title='bbox 972 1879 1048 1941; x_wconf 70' lang='lat' dir='ltr'>cirri</span> <span class='ocrx_word' id='word_1_119' title='bbox 1076 1873 1275 1957; x_wconf 81' lang='grc' dir='ltr'><strong><em>δουλοσύνης</em></strong></span> <span class='ocrx_word' id='word_1_120' title='bbox 1294 1873 1339 1935; x_wconf 85' lang='grc' dir='ltr'><strong><em>δι-</em></strong></span> 
     </span>
     <span class='ocr_line' id='line_1_15' title="bbox 124 1979 1040 2063; baseline 0 -22"><span class='ocrx_word' id='word_1_121' title='bbox 124 1982 165 2061; x_wconf 74' lang='grc' dir='ltr'><strong><em>τῇ</em></strong></span> <span class='ocrx_word' id='word_1_122' title='bbox 178 1979 281 2063; x_wconf 76' lang='grc' dir='ltr'><strong><em>τόλμῃ</em></strong></span> <span class='ocrx_word' id='word_1_123' title='bbox 297 1979 407 2062; x_wconf 81' lang='grc' dir='ltr'><strong><em>τύχην·</em></strong></span> <span class='ocrx_word' id='word_1_124' title='bbox 450 1981 502 2043; x_wconf 84' lang='grc' dir='ltr'><strong><em>καὶ</em></strong></span> <span class='ocrx_word' id='word_1_125' title='bbox 517 1980 579 2061; x_wconf 79' lang='grc' dir='ltr'><strong><em>γδρ</em></strong></span> <span class='ocrx_word' id='word_1_126' title='bbox 593 1981 709 2043; x_wconf 85' lang='grc' dir='ltr'><strong><em>ἐκεῖνοι</em></strong></span> <span class='ocrx_word' id='word_1_127' title='bbox 758 1982 919 2062; x_wconf 85' lang='grc' dir='ltr'><strong><em>ε’φθειραν</em></strong></span> <span class='ocrx_word' id='word_1_128' title='bbox 943 2028 950 2040; x_wconf 93' lang='grc'><strong><em>.</em></strong></span> <span class='ocrx_word' id='word_1_129' title='bbox 972 2029 979 2043; x_wconf 91' lang='grc'>,</span> <span class='ocrx_word' id='word_1_130' title='bbox 1001 2027 1008 2042; x_wconf 90' lang='grc'><strong><em>.</em></strong></span> <span class='ocrx_word' id='word_1_131' title='bbox 1034 2027 1040 2041; x_wconf 95' lang='grc'><strong><em>.</em></strong></span> 
     </span>
    </p>

    <p class='ocr_par' dir='ltr' id='par_1_6' title="bbox 124 2078 708 2162">
     <span class='ocr_line' id='line_1_16' title="bbox 124 2078 708 2162; baseline 0 -20"><span class='ocrx_word' id='word_1_132' title='bbox 124 2080 185 2142; x_wconf 62' lang='grc' dir='ltr'><strong><em>τῶν</em></strong></span> <span class='ocrx_word' id='word_1_133' title='bbox 234 2078 330 2143; x_wconf 88' lang='grc' dir='ltr'><strong><em>πόλιν</em></strong></span> <span class='ocrx_word' id='word_1_134' title='bbox 383 2079 499 2162; x_wconf 86' lang='grc' dir='ltr'><strong><em>ὁμοίως</em></strong></span> <span class='ocrx_word' id='word_1_135' title='bbox 545 2081 602 2143; x_wconf 80' lang='grc' dir='ltr'><strong><em>ἐπὶ</em></strong></span> <span class='ocrx_word' id='word_1_136' title='bbox 644 2083 708 2142; x_wconf 88' lang='grc' dir='ltr'><strong><em>τῶν</em></strong></span> 
     </span>
    </p>

    <p class='ocr_par' dir='ltr' id='par_1_7' title="bbox 125 2178 707 2262">
     <span class='ocr_line' id='line_1_17' title="bbox 125 2178 707 2262; baseline 0 -19"><span class='ocrx_word' id='word_1_137' title='bbox 125 2183 295 2262; x_wconf 77' lang='grc' dir='ltr'><strong><em>Περσικῶν</em></strong></span> <span class='ocrx_word' id='word_1_138' title='bbox 332 2178 598 2254; x_wconf 81' lang='grc' dir='ltr'><strong><em>κατακαύσαντες</em></strong></span> <span class='ocrx_word' id='word_1_139' title='bbox 636 2179 707 2243; x_wconf 83' lang='grc' dir='ltr'><strong><em>ἑαυ-</em></strong></span> 
     </span>
    </p>

    <p class='ocr_par' dir='ltr' id='par_1_8' title="bbox 124 2279 422 2363">
     <span class='ocr_line' id='line_1_18' title="bbox 124 2279 422 2363; baseline 0.003 -22"><span class='ocrx_word' id='word_1_140' title='bbox 124 2279 198 2353; x_wconf 85' lang='grc' dir='ltr'><strong><em>τοδς</em></strong></span> <span class='ocrx_word' id='word_1_141' title='bbox 220 2279 422 2363; x_wconf 84' lang='grc' dir='ltr'><strong><em>διέφθειραν.</em></strong></span> 
     </span>
    </p>
   </div>
   <div class='ocr_carea' id='block_1_6' title="bbox 123 2401 1340 2899">
    <p class='ocr_par' dir='ltr' id='par_1_9' title="bbox 123 2401 1340 2899">
     <span class='ocr_line' id='line_1_19' title="bbox 206 2401 1336 2481; baseline 0.001 -17"><span class='ocrx_word' id='word_1_142' title='bbox 206 2401 325 2464; x_wconf 87' lang='lat' dir='ltr'>Patara</span> <span class='ocrx_word' id='word_1_143' title='bbox 353 2402 427 2465; x_wconf 87' lang='lat' dir='ltr'>urbs</span> <span class='ocrx_word' id='word_1_144' title='bbox 456 2401 579 2481; x_wconf 88' lang='lat' dir='ltr'>capitur</span> <span class='ocrx_word' id='word_1_145' title='bbox 597 2402 682 2466; x_wconf 88' lang='lat' dir='ltr'>uuiin</span> <span class='ocrx_word' id='word_1_146' title='bbox 704 2404 744 2468; x_wconf 91' lang='lat' dir='ltr'><strong><em>ab</em></strong></span> <span class='ocrx_word' id='word_1_147' title='bbox 769 2403 880 2478; x_wconf 87' lang='lat' dir='ltr'>bonam</span> <span class='ocrx_word' id='word_1_148' title='bbox 905 2403 996 2466; x_wconf 82' lang='lat' dir='ltr'>Bruti</span> <span class='ocrx_word' id='word_1_149' title='bbox 1019 2402 1202 2467; x_wconf 84' lang='lat' dir='ltr'>elementiae</span> <span class='ocrx_word' id='word_1_150' title='bbox 1223 2403 1336 2466; x_wconf 82' lang='lat' dir='ltr'>sarnum</span> 
     </span>
     <span class='ocr_line' id='line_1_20' title="bbox 125 2501 1338 2582; baseline -0.002 -19"><span class='ocrx_word' id='word_1_151' title='bbox 125 2507 329 2582; x_wconf 83' lang='lat' dir='ltr'>repugnante.</span> <span class='ocrx_word' id='word_1_152' title='bbox 373 2501 496 2565; x_wconf 85' lang='lat' dir='ltr'>incolae</span> <span class='ocrx_word' id='word_1_153' title='bbox 516 2501 680 2567; x_wconf 83' lang='lat' dir='ltr'>thesaurus</span> <span class='ocrx_word' id='word_1_154' title='bbox 699 2503 798 2566; x_wconf 87' lang='lat' dir='ltr'>Bruto</span> <span class='ocrx_word' id='word_1_155' title='bbox 818 2504 941 2568; x_wconf 87' lang='lat' dir='ltr'>iubente</span> <span class='ocrx_word' id='word_1_156' title='bbox 962 2508 1133 2581; x_wconf 82' lang='lat' dir='ltr'>congerunt</span> <span class='ocrx_word' id='word_1_157' title='bbox 1155 2501 1338 2564; x_wconf 75' lang='lat' dir='ltr'>attrahunt.</span> 
     </span>
     <span class='ocr_line' id='line_1_21' title="bbox 123 2612 1339 2702; baseline -0.001 -22"><span class='ocrx_word' id='word_1_158' title='bbox 123 2612 159 2689; x_wconf 83' lang='grc' dir='ltr'><strong><em>ός</em></strong></span> <span class='ocrx_word' id='word_1_159' title='bbox 179 2640 224 2698; x_wconf 83' lang='grc' dir='ltr'><strong><em>γε,</em></strong></span> <span class='ocrx_word' id='word_1_160' title='bbox 247 2620 395 2679; x_wconf 84' lang='grc' dir='ltr'><strong><em>Κασσίου</em></strong></span> <span class='ocrx_word' id='word_1_161' title='bbox 408 2617 544 2692; x_wconf 84' lang='grc' dir='ltr'><strong><em>Ῥοδίους</em></strong></span> <span class='ocrx_word' id='word_1_162' title='bbox 560 2668 566 2682; x_wconf 93' lang='grc'><strong><em>.</em></strong></span> <span class='ocrx_word' id='word_1_163' title='bbox 585 2670 591 2684; x_wconf 95' lang='grc'><strong><em>.</em></strong></span> <span class='ocrx_word' id='word_1_164' title='bbox 610 2620 707 2702; x_wconf 82' lang='grc' dir='ltr'><strong><em>α’ναγ-</em></strong></span> <span class='ocrx_word' id='word_1_165' title='bbox 757 2625 815 2686; x_wconf 84' lang='grc'><strong><em>81;</em></strong></span> <span class='ocrx_word' id='word_1_166' title='bbox 835 2623 955 2682; x_wconf 78' lang='grc' dir='ltr'><strong><em>ἔκτεινε</em></strong></span> <span class='ocrx_word' id='word_1_167' title='bbox 968 2623 1029 2700; x_wconf 75' lang='grc' dir='ltr'><strong><em>μὲν</em></strong></span> <span class='ocrx_word' id='word_1_168' title='bbox 1045 2617 1206 2697; x_wconf 85' lang='grc' dir='ltr'><strong><em>οδδένα,..</em></strong></span> <span class='ocrx_word' id='word_1_169' title='bbox 1216 2617 1339 2697; x_wconf 86' lang='grc' dir='ltr'><strong><em>χρυσόν</em></strong></span> 
     </span>
     <span class='ocr_line' id='line_1_22' title="bbox 125 2705 1340 2803; baseline 0.001 -26"><span class='ocrx_word' id='word_1_170' title='bbox 125 2705 288 2788; x_wconf 81' lang='grc' dir='ltr'><strong><em>κόσαντος</em></strong></span> <span class='ocrx_word' id='word_1_171' title='bbox 311 2713 382 2800; x_wconf 76' lang='grc' dir='ltr'><strong><em>ι’δίηι</em></strong></span> <span class='ocrx_word' id='word_1_172' title='bbox 401 2721 463 2797; x_wconf 76' lang='grc' dir='ltr'><strong><em>μέν</em></strong></span> <span class='ocrx_word' id='word_1_173' title='bbox 481 2716 519 2781; x_wconf 85' lang='grc' dir='ltr'><strong><em>ὃν</em></strong></span> <span class='ocrx_word' id='word_1_174' title='bbox 540 2720 708 2803; x_wconf 75' lang='grc' dir='ltr'><strong><em>ἐκέκτηντο</em></strong></span> <span class='ocrx_word' id='word_1_175' title='bbox 757 2719 795 2782; x_wconf 78' lang='grc' dir='ltr'><strong><em>δὲ</em></strong></span> <span class='ocrx_word' id='word_1_176' title='bbox 831 2719 885 2781; x_wconf 79' lang='grc' dir='ltr'><strong><em>καὶ</em></strong></span> <span class='ocrx_word' id='word_1_177' title='bbox 922 2715 1059 2800; x_wconf 76' lang='grc' dir='ltr'><strong><em>ἄργυρον</em></strong></span> <span class='ocrx_word' id='word_1_178' title='bbox 1089 2715 1168 2781; x_wconf 87' lang='grc' dir='ltr'><strong><em>όσου</em></strong></span> <span class='ocrx_word' id='word_1_179' title='bbox 1197 2716 1217 2796; x_wconf 80' lang='lat' dir='ltr'><strong><em>p‘</em></strong></span> <span class='ocrx_word' id='word_1_180' title='bbox 1246 2715 1340 2790; x_wconf 91' lang='grc' dir='ltr'><strong><em>πόλις</em></strong></span> 
     </span>
     <span class='ocr_line' id='line_1_23' title="bbox 124 2811 1339 2899; baseline 0 -21"><span class='ocrx_word' id='word_1_181' title='bbox 124 2816 247 2898; x_wconf 87' lang='grc' dir='ltr'><strong><em>χρυσόν</em></strong></span> <span class='ocrx_word' id='word_1_182' title='bbox 274 2817 329 2879; x_wconf 80' lang='grc' dir='ltr'><strong><em>καὶ</em></strong></span> <span class='ocrx_word' id='word_1_183' title='bbox 354 2812 494 2898; x_wconf 74' lang='grc' dir='ltr'><strong><em>ἄργυρον</em></strong></span> <span class='ocrx_word' id='word_1_184' title='bbox 515 2815 709 2899; x_wconf 82' lang='grc' dir='ltr'><strong><em>εἰσενεγκεῖν</em></strong></span> <span class='ocrx_word' id='word_1_185' title='bbox 756 2811 825 2898; x_wconf 84' lang='grc' dir='ltr'><strong><em>εἶχε</em></strong></span> <span class='ocrx_word' id='word_1_186' title='bbox 839 2819 1047 2899; x_wconf 87' lang='grc' dir='ltr'><strong><em>συνενεγκῶν,</em></strong></span> <span class='ocrx_word' id='word_1_187' title='bbox 1072 2818 1197 2881; x_wconf 82' lang='grc' dir='ltr'><strong><em>ἐκέλευε</em></strong></span> <span class='ocrx_word' id='word_1_188' title='bbox 1212 2818 1266 2879; x_wconf 79' lang='grc' dir='ltr'><strong><em>καὶ</em></strong></span> <span class='ocrx_word' id='word_1_189' title='bbox 1282 2817 1339 2880; x_wconf 85' lang='grc' dir='ltr'><strong><em>τόν</em></strong></span> 
     </span>
    </p>
   </div>
   <div class='ocr_carea' id='block_1_7' title="bbox 125 2915 1445 3002">
    <p class='ocr_par' dir='ltr' id='par_1_10' title="bbox 125 2915 1445 3002">
     <span class='ocr_line' id='line_1_24' title="bbox 125 2915 1445 3002; baseline 0.001 -24"><span class='ocrx_word' id='word_1_190' title='bbox 125 2915 287 2995; x_wconf 78' lang='grc' dir='ltr'><strong><em>ἅπαντας,</em></strong></span> <span class='ocrx_word' id='word_1_191' title='bbox 310 2917 453 3002; x_wconf 76' lang='grc' dir='ltr'><strong><em>δημοσίᾳ</em></strong></span> <span class='ocrx_word' id='word_1_192' title='bbox 474 2918 512 2980; x_wconf 80' lang='grc' dir='ltr'><strong><em>δὲ</em></strong></span> <span class='ocrx_word' id='word_1_193' title='bbox 532 2917 591 2980; x_wconf 68' lang='grc' dir='ltr'><strong><em>τόν</em></strong></span> <span class='ocrx_word' id='word_1_194' title='bbox 611 2917 709 2982; x_wconf 89' lang='grc' dir='ltr'><strong><em>πόλιν</em></strong></span> <span class='ocrx_word' id='word_1_195' title='bbox 757 2917 918 2981; x_wconf 86' lang='grc' dir='ltr'><strong><em>ἰδιωτικόν</em></strong></span> <span class='ocrx_word' id='word_1_196' title='bbox 934 2917 1090 2990; x_wconf 77' lang='grc' dir='ltr'><strong><em>ἑκάστους</em></strong></span> <span class='ocrx_word' id='word_1_197' title='bbox 1106 2917 1256 3000; x_wconf 81' lang='grc' dir='ltr'><strong><em>ἐσφέρειν</em></strong></span> <span class='ocrx_word' id='word_1_198' title='bbox 1272 2917 1339 2979; x_wconf 80' lang='grc' dir='ltr'><strong><em>όπδ</em></strong></span> <span class='ocrx_word' id='word_1_199' title='bbox 1443 2971 1445 2974; x_wconf 97' lang='grc'><strong><em>.</em></strong></span> 
     </span>
    </p>
   </div>
   <div class='ocr_carea' id='block_1_8' title="bbox 126 3015 1339 3202">
    <p class='ocr_par' dir='ltr' id='par_1_11' title="bbox 126 3015 1339 3202">
     <span class='ocr_line' id='line_1_25' title="bbox 126 3015 1339 3101; baseline -0.002 -19"><span class='ocrx_word' id='word_1_200' title='bbox 126 3015 400 3099; x_wconf 87' lang='grc' dir='ltr'><strong><em>..ζημιῶσαυτος,</em></strong></span> <span class='ocrx_word' id='word_1_201' title='bbox 418 3017 516 3090; x_wconf 81' lang='grc' dir='ltr'><strong><em>αότδς</em></strong></span> <span class='ocrx_word' id='word_1_202' title='bbox 534 3067 540 3080; x_wconf 94' lang='grc'><strong><em>.</em></strong></span> <span class='ocrx_word' id='word_1_203' title='bbox 555 3068 563 3082; x_wconf 92' lang='grc'><strong><em>.</em></strong></span> <span class='ocrx_word' id='word_1_204' title='bbox 580 3017 707 3100; x_wconf 82' lang='grc' dir='ltr'><strong><em>πραξά-</em></strong></span> <span class='ocrx_word' id='word_1_205' title='bbox 756 3021 879 3101; x_wconf 87' lang='grc' dir='ltr'><strong><em>ζημίαις</em></strong></span> <span class='ocrx_word' id='word_1_206' title='bbox 912 3069 919 3082; x_wconf 94' lang='grc'><strong><em>.</em></strong></span> <span class='ocrx_word' id='word_1_207' title='bbox 953 3069 959 3081; x_wconf 93' lang='grc'><strong><em>.</em></strong></span> <span class='ocrx_word' id='word_1_208' title='bbox 992 3015 1068 3090; x_wconf 77' lang='grc' dir='ltr'><strong><em>οἵοις</em></strong></span> <span class='ocrx_word' id='word_1_209' title='bbox 1104 3018 1158 3080; x_wconf 80' lang='grc' dir='ltr'><strong><em>καὶ</em></strong></span> <span class='ocrx_word' id='word_1_210' title='bbox 1195 3016 1339 3091; x_wconf 81' lang='grc' dir='ltr'><strong><em>Κάσσιος</em></strong></span> 
     </span>
     <span class='ocr_line' id='line_1_26' title="bbox 126 3107 1209 3202; baseline 0.002 -24"><span class='ocrx_word' id='word_1_211' title='bbox 126 3140 220 3198; x_wconf 92' lang='grc' dir='ltr'><strong><em>μενος</em></strong></span> <span class='ocrx_word' id='word_1_212' title='bbox 235 3111 315 3180; x_wconf 72' lang='grc' dir='ltr'><strong><em>ἄλλο</em></strong></span> <span class='ocrx_word' id='word_1_213' title='bbox 330 3116 367 3178; x_wconf 81' lang='grc' dir='ltr'><strong><em>δὲ</em></strong></span> <span class='ocrx_word' id='word_1_214' title='bbox 382 3117 477 3179; x_wconf 80' lang='grc' dir='ltr'><strong><em>οόδὲυ</em></strong></span> <span class='ocrx_word' id='word_1_215' title='bbox 494 3116 667 3202; x_wconf 76' lang='grc' dir='ltr'><strong><em>α’δικησας.</em></strong></span> <span class='ocrx_word' id='word_1_216' title='bbox 682 3169 705 3183; x_wconf 93' lang='grc'><strong><em>..</em></strong></span> <span class='ocrx_word' id='word_1_217' title='bbox 756 3117 909 3202; x_wconf 78' lang='grc' dir='ltr'><strong><em>ἐκήρυξεν</em></strong></span> <span class='ocrx_word' id='word_1_218' title='bbox 932 3119 967 3181; x_wconf 91' lang='grc' dir='ltr'><strong><em>ἐν</em></strong></span> <span class='ocrx_word' id='word_1_219' title='bbox 986 3107 1086 3198; x_wconf 71' lang='grc' dir='ltr'><strong><em>Ῥόδην</em></strong></span> <span class='ocrx_word' id='word_1_220' title='bbox 1109 3168 1115 3180; x_wconf 95' lang='grc'><strong><em>.</em></strong></span> <span class='ocrx_word' id='word_1_221' title='bbox 1204 3166 1209 3180; x_wconf 93' lang='grc'><strong><em>.</em></strong></span> 
     </span>
    </p>
   </div>
   <div class='ocr_carea' id='block_1_9' title="bbox 127 3222 1339 3424">
    <p class='ocr_par' dir='ltr' id='par_1_12' title="bbox 127 3222 1339 3424">
     <span class='ocr_line' id='line_1_27' title="bbox 206 3222 1339 3341; baseline 0.006 -21"><span class='ocrx_word' id='word_1_222' title='bbox 206 3257 292 3322; x_wconf 77' lang='lat' dir='ltr'>Pur.</span> <span class='ocrx_word' id='word_1_223' title='bbox 312 3257 420 3322; x_wconf 85' lang='lat' dir='ltr'>Crass.</span> <span class='ocrx_word' id='word_1_224' title='bbox 439 3259 480 3322; x_wconf 85' lang='grc'><strong><em>16</em></strong></span> <span class='ocrx_word' id='word_1_225' title='bbox 500 3260 585 3341; x_wconf 82' lang='lat' dir='ltr'><strong><em>App.</em></strong></span> <span class='ocrx_word' id='word_1_226' title='bbox 605 3261 632 3325; x_wconf 87' lang='lat' dir='ltr'><strong><em>b.</em></strong></span> <span class='ocrx_word' id='word_1_227' title='bbox 652 3281 676 3326; x_wconf 87' lang='grc' dir='ltr'><strong><em>ι.</em></strong></span> <span class='ocrx_word' id='word_1_228' title='bbox 695 3261 742 3337; x_wconf 89' lang='grc' dir='ltr'><strong><em>ΙΙ,</em></strong></span> <span class='ocrx_word' id='word_1_229' title='bbox 761 3264 802 3325; x_wconf 86' lang='grc'><strong><em>18</em></strong></span> <span class='ocrx_word' id='word_1_230' title='bbox 823 3279 891 3326; x_wconf 83' lang='lat' dir='ltr'>curu</span> <span class='ocrx_word' id='word_1_231' title='bbox 915 3260 1048 3325; x_wconf 84' lang='lat' dir='ltr'>Crassus</span> <span class='ocrx_word' id='word_1_232' title='bbox 1071 3267 1181 3324; x_wconf 86' lang='lat' dir='ltr'>eontra</span> <span class='ocrx_word' id='word_1_233' title='bbox 1205 3222 1339 3327; x_wconf 86' lang='lat' dir='ltr'>Parthas</span> 
     </span>
     <span class='ocr_line' id='line_1_28' title="bbox 127 3354 520 3424; baseline 0.015 -6"><span class='ocrx_word' id='word_1_234' title='bbox 127 3354 241 3420; x_wconf 89' lang='lat' dir='ltr'>bellum</span> <span class='ocrx_word' id='word_1_235' title='bbox 264 3364 349 3421; x_wconf 88' lang='lat' dir='ltr'>esset</span> <span class='ocrx_word' id='word_1_236' title='bbox 370 3359 520 3424; x_wconf 90' lang='lat' dir='ltr'>initurus:</span> 
     </span>
    </p>
   </div>
   <div class='ocr_carea' id='block_1_10' title="bbox 127 3480 1339 4380">
    <p class='ocr_par' dir='ltr' id='par_1_13' title="bbox 127 3480 1339 3866">
     <span class='ocr_line' id='line_1_29' title="bbox 127 3480 1339 3569; baseline 0.005 -28"><span class='ocrx_word' id='word_1_237' title='bbox 127 3480 301 3562; x_wconf 82' lang='grc' dir='ltr'><strong><em>δημαρχῶν</em></strong></span> <span class='ocrx_word' id='word_1_238' title='bbox 328 3481 445 3569; x_wconf 80' lang='grc' dir='ltr'><strong><em>Ἀτήιος</em></strong></span> <span class='ocrx_word' id='word_1_239' title='bbox 481 3484 594 3565; x_wconf 82' lang='grc' dir='ltr'><strong><em>ἔμελλε</em></strong></span> <span class='ocrx_word' id='word_1_240' title='bbox 627 3486 709 3566; x_wconf 85' lang='grc' dir='ltr'><strong><em>πρός</em></strong></span> <span class='ocrx_word' id='word_1_241' title='bbox 757 3483 787 3547; x_wconf 83' lang='grc' dir='ltr'><strong><em>οἱ</em></strong></span> <span class='ocrx_word' id='word_1_242' title='bbox 834 3484 995 3568; x_wconf 77' lang='grc' dir='ltr'><strong><em>δήμαρχοι</em></strong></span> <span class='ocrx_word' id='word_1_243' title='bbox 1037 3483 1253 3567; x_wconf 80' lang='grc' dir='ltr'><strong><em>προηγόρευον</em></strong></span> <span class='ocrx_word' id='word_1_244' title='bbox 1294 3484 1339 3569; x_wconf 76' lang='grc' dir='ltr'><strong><em>μη</em></strong></span> 
     </span>
     <span class='ocr_line' id='line_1_30' title="bbox 127 3580 1339 3666; baseline 0.006 -26"><span class='ocrx_word' id='word_1_245' title='bbox 127 3580 187 3664; x_wconf 76' lang='grc' dir='ltr'><strong><em>την</em></strong></span> <span class='ocrx_word' id='word_1_246' title='bbox 209 3581 331 3662; x_wconf 78' lang='grc' dir='ltr'><strong><em>ἔξοδον,</em></strong></span> <span class='ocrx_word' id='word_1_247' title='bbox 354 3582 617 3648; x_wconf 73' lang='grc' dir='ltr'><strong><em>ἐναντιώσεσθαι</em></strong></span> <span class='ocrx_word' id='word_1_248' title='bbox 639 3632 645 3645; x_wconf 93' lang='grc'><strong><em>.</em></strong></span> <span class='ocrx_word' id='word_1_249' title='bbox 669 3633 675 3647; x_wconf 91' lang='grc'><strong><em>.</em></strong></span> <span class='ocrx_word' id='word_1_250' title='bbox 700 3634 707 3648; x_wconf 93' lang='grc'><strong><em>.</em></strong></span> <span class='ocrx_word' id='word_1_251' title='bbox 758 3585 915 3666; x_wconf 85' lang='grc' dir='ltr'><strong><em>πολεμεῖν</em></strong></span> <span class='ocrx_word' id='word_1_252' title='bbox 940 3589 1157 3664; x_wconf 84' lang='grc' dir='ltr'><strong><em>Παρθυαίοις,</em></strong></span> <span class='ocrx_word' id='word_1_253' title='bbox 1182 3584 1280 3647; x_wconf 79' lang='grc' dir='ltr'><strong><em>οὐδὲν</em></strong></span> <span class='ocrx_word' id='word_1_254' title='bbox 1301 3585 1339 3647; x_wconf 84' lang='grc' dir='ltr'><strong><em>α’-</em></strong></span> 
     </span>
     <span class='ocr_line' id='line_1_31' title="bbox 128 3679 1338 3766; baseline 0.004 -25"><span class='ocrx_word' id='word_1_255' title='bbox 128 3679 162 3742; x_wconf 85' lang='grc' dir='ltr'><strong><em>εἴ</em></strong></span> <span class='ocrx_word' id='word_1_256' title='bbox 194 3703 241 3754; x_wconf 88' lang='grc' dir='ltr'><strong><em>τις</em></strong></span> <span class='ocrx_word' id='word_1_257' title='bbox 278 3681 471 3764; x_wconf 78' lang='grc' dir='ltr'><strong><em>α’νθριόποις</em></strong></span> <span class='ocrx_word' id='word_1_258' title='bbox 503 3683 600 3746; x_wconf 80' lang='grc' dir='ltr'><strong><em>οὐδὲν</em></strong></span> <span class='ocrx_word' id='word_1_259' title='bbox 639 3683 708 3746; x_wconf 80' lang='grc' dir='ltr'><strong><em>α’δι-</em></strong></span> <span class='ocrx_word' id='word_1_260' title='bbox 757 3685 911 3748; x_wconf 82' lang='grc' dir='ltr'><strong><em>δικοῦσιν</em></strong></span> <span class='ocrx_word' id='word_1_261' title='bbox 944 3683 984 3747; x_wconf 85' lang='grc' dir='ltr'><strong><em>,οό</em></strong></span> <span class='ocrx_word' id='word_1_262' title='bbox 1005 3688 1193 3764; x_wconf 84' lang='grc' dir='ltr'><strong><em>πειθομένῳ</em></strong></span> <span class='ocrx_word' id='word_1_263' title='bbox 1216 3685 1262 3760; x_wconf 76' lang='grc' dir='ltr'><strong><em>δὲ,</em></strong></span> <span class='ocrx_word' id='word_1_264' title='bbox 1285 3684 1338 3766; x_wconf 91' lang='grc' dir='ltr'><strong><em>δη-</em></strong></span> 
     </span>
     <span class='ocr_line' id='line_1_32' title="bbox 127 3780 1178 3866; baseline 0.006 -24"><span class='ocrx_word' id='word_1_265' title='bbox 127 3783 262 3845; x_wconf 83' lang='grc' dir='ltr'><strong><em>κοῦσιν.</em></strong></span> <span class='ocrx_word' id='word_1_266' title='bbox 284 3833 291 3847; x_wconf 89' lang='grc'><strong><em>.</em></strong></span> <span class='ocrx_word' id='word_1_267' title='bbox 313 3781 510 3865; x_wconf 81' lang='grc' dir='ltr'><strong><em>πολεμήσων</em></strong></span> <span class='ocrx_word' id='word_1_268' title='bbox 532 3780 647 3847; x_wconf 80' lang='grc' dir='ltr'><strong><em>ἄπεισι</em></strong></span> <span class='ocrx_word' id='word_1_269' title='bbox 669 3834 675 3848; x_wconf 88' lang='grc'><strong><em>.</em></strong></span> <span class='ocrx_word' id='word_1_270' title='bbox 700 3835 706 3848; x_wconf 94' lang='grc'><strong><em>.</em></strong></span> <span class='ocrx_word' id='word_1_271' title='bbox 756 3789 874 3866; x_wconf 89' lang='grc' dir='ltr'><strong><em>μυσιάς</em></strong></span> <span class='ocrx_word' id='word_1_272' title='bbox 896 3784 978 3866; x_wconf 78' lang='grc' dir='ltr'><strong><em>οίρδς</em></strong></span> <span class='ocrx_word' id='word_1_273' title='bbox 1000 3784 1178 3864; x_wconf 79' lang='grc' dir='ltr'><strong><em>ἐπηρῶντο.</em></strong></span> 
     </span>
    </p>

    <p class='ocr_par' dir='ltr' id='par_1_14' title="bbox 129 3882 707 3964">
     <span class='ocr_line' id='line_1_33' title="bbox 129 3882 707 3964; baseline 0.003 -18"><span class='ocrx_word' id='word_1_274' title='bbox 129 3882 236 3946; x_wconf 78' lang='lat' dir='ltr'>Ateius</span> <span class='ocrx_word' id='word_1_275' title='bbox 266 3882 348 3964; x_wconf 79' lang='grc' dir='ltr'><strong><em>α’ρδς</em></strong></span> <span class='ocrx_word' id='word_1_276' title='bbox 371 3884 516 3964; x_wconf 80' lang='grc' dir='ltr'><strong><em>ἐπηρᾶτο</em></strong></span> <span class='ocrx_word' id='word_1_277' title='bbox 540 3882 648 3957; x_wconf 87' lang='grc' dir='ltr'><strong><em>δεινός</em></strong></span> <span class='ocrx_word' id='word_1_278' title='bbox 670 3934 677 3948; x_wconf 91' lang='grc'><strong><em>.</em></strong></span> <span class='ocrx_word' id='word_1_279' title='bbox 701 3935 707 3948; x_wconf 92' lang='grc'><strong><em>.</em></strong></span> 
     </span>
    </p>

    <p class='ocr_par' dir='ltr' id='par_1_15' title="bbox 129 3996 1339 4380">
     <span class='ocr_line' id='line_1_34' title="bbox 131 3996 1339 4085; baseline -0.007 -20"><span class='ocrx_word' id='word_1_280' title='bbox 131 4000 216 4065; x_wconf 82' lang='grc' dir='ltr'><strong><em>Ρλιιί.</em></strong></span> <span class='ocrx_word' id='word_1_281' title='bbox 238 3999 317 4064; x_wconf 79' lang='lat' dir='ltr'><strong><em>Luc.</em></strong></span> <span class='ocrx_word' id='word_1_282' title='bbox 340 4000 398 4063; x_wconf 85' lang='lat'><strong><em>11:</em></strong></span> <span class='ocrx_word' id='word_1_283' title='bbox 425 3998 623 4064; x_wconf 84' lang='lat' dir='ltr'>Mithridates</span> <span class='ocrx_word' id='word_1_284' title='bbox 646 4003 711 4076; x_wconf 80' lang='grc' dir='ltr'><strong><em>ἐξέ-</em></strong></span> <span class='ocrx_word' id='word_1_285' title='bbox 758 4001 1032 4085; x_wconf 57' lang='lat' dir='ltr'><strong><em>Apparatum.-</em></strong></span> <span class='ocrx_word' id='word_1_286' title='bbox 1050 3997 1247 4062; x_wconf 83' lang='lat' dir='ltr'>Mithridates</span> <span class='ocrx_word' id='word_1_287' title='bbox 1265 3996 1339 4070; x_wconf 76' lang='grc' dir='ltr'><strong><em>τούς</em></strong></span> 
     </span>
     <span class='ocr_line' id='line_1_35' title="bbox 130 4092 1339 4185; baseline -0.001 -25"><span class='ocrx_word' id='word_1_288' title='bbox 130 4111 266 4185; x_wconf 79' lang='grc' dir='ltr'><strong><em>πεμψεν</em></strong></span> <span class='ocrx_word' id='word_1_289' title='bbox 291 4096 336 4170; x_wconf 86' lang='grc' dir='ltr'><strong><em>εἰς</em></strong></span> <span class='ocrx_word' id='word_1_290' title='bbox 358 4102 528 4160; x_wconf 86' lang='grc' dir='ltr'><strong><em>Βιθυνίαν</em></strong></span> <span class='ocrx_word' id='word_1_291' title='bbox 552 4101 626 4173; x_wconf 83' lang='grc' dir='ltr'><strong><em>τοδς</em></strong></span> <span class='ocrx_word' id='word_1_292' title='bbox 650 4105 710 4181; x_wconf 78' lang='grc' dir='ltr'><strong><em>μὲν</em></strong></span> <span class='ocrx_word' id='word_1_293' title='bbox 759 4099 787 4161; x_wconf 91' lang='grc' dir='ltr'><strong><em>δ’</em></strong></span> <span class='ocrx_word' id='word_1_294' title='bbox 802 4098 924 4171; x_wconf 76' lang='grc' dir='ltr'><strong><em>ἵππους</em></strong></span> <span class='ocrx_word' id='word_1_295' title='bbox 937 4099 1083 4177; x_wconf 82' lang='grc' dir='ltr'><strong><em>οἷχρείυυς</em></strong></span> <span class='ocrx_word' id='word_1_296' title='bbox 1102 4097 1131 4158; x_wconf 81' lang='grc' dir='ltr'><strong><em>οἱ</em></strong></span> <span class='ocrx_word' id='word_1_297' title='bbox 1150 4096 1225 4159; x_wconf 89' lang='grc' dir='ltr'><strong><em>τότε</em></strong></span> <span class='ocrx_word' id='word_1_298' title='bbox 1242 4092 1339 4170; x_wconf 66' lang='lat' dir='ltr'>inaug</span> 
     </span>
     <span class='ocr_line' id='line_1_36' title="bbox 130 4195 1339 4277; baseline -0.001 -17"><span class='ocrx_word' id='word_1_299' title='bbox 130 4196 242 4271; x_wconf 81' lang='grc' dir='ltr'><strong><em>ἱππεῖς</em></strong></span> <span class='ocrx_word' id='word_1_300' title='bbox 269 4196 390 4277; x_wconf 87' lang='grc' dir='ltr'><strong><em>σχεδόν</em></strong></span> <span class='ocrx_word' id='word_1_301' title='bbox 412 4195 563 4272; x_wconf 74' lang='grc' dir='ltr'><strong><em>ἅπαντας</em></strong></span> <span class='ocrx_word' id='word_1_302' title='bbox 586 4251 590 4264; x_wconf 93' lang='grc'><strong>,</strong></span> <span class='ocrx_word' id='word_1_303' title='bbox 615 4249 622 4262; x_wconf 95' lang='grc'><strong><em>.</em></strong></span> <span class='ocrx_word' id='word_1_304' title='bbox 645 4203 710 4262; x_wconf 89' lang='grc' dir='ltr'><strong><em>τῶν</em></strong></span> <span class='ocrx_word' id='word_1_305' title='bbox 758 4200 811 4260; x_wconf 79' lang='grc' dir='ltr'><strong><em>καὶ</em></strong></span> <span class='ocrx_word' id='word_1_306' title='bbox 834 4199 1015 4270; x_wconf 79' lang='grc' dir='ltr'><strong><em>α’σθενεΐς.</em></strong></span> <span class='ocrx_word' id='word_1_307' title='bbox 1038 4247 1044 4262; x_wconf 97' lang='grc'><strong><em>.</em></strong></span> <span class='ocrx_word' id='word_1_308' title='bbox 1064 4198 1118 4258; x_wconf 83' lang='grc' dir='ltr'><strong><em>καὶ</em></strong></span> <span class='ocrx_word' id='word_1_309' title='bbox 1140 4195 1339 4277; x_wconf 86' lang='grc' dir='ltr'><strong><em>χωλεόοντας</em></strong></span> 
     </span>
     <span class='ocr_line' id='line_1_37' title="bbox 129 4296 1336 4380; baseline 0.004 -22"><span class='ocrx_word' id='word_1_310' title='bbox 129 4296 165 4358; x_wconf 82' lang='grc' dir='ltr'><strong><em>δὲ</em></strong></span> <span class='ocrx_word' id='word_1_311' title='bbox 201 4299 308 4375; x_wconf 80' lang='grc' dir='ltr'><strong><em>πεζῶν</em></strong></span> <span class='ocrx_word' id='word_1_312' title='bbox 341 4296 416 4370; x_wconf 84' lang='grc' dir='ltr'><strong><em>τοδς</em></strong></span> <span class='ocrx_word' id='word_1_313' title='bbox 447 4296 629 4380; x_wconf 77' lang='grc' dir='ltr'><strong><em>αχρήστους</em></strong></span> <span class='ocrx_word' id='word_1_314' title='bbox 660 4350 666 4364; x_wconf 95' lang='grc'><strong><em>.</em></strong></span> <span class='ocrx_word' id='word_1_315' title='bbox 701 4349 707 4361; x_wconf 96' lang='grc'><strong><em>.</em></strong></span> <span class='ocrx_word' id='word_1_316' title='bbox 759 4350 765 4363; x_wconf 97' lang='grc'><strong><em>.</em></strong></span> <span class='ocrx_word' id='word_1_317' title='bbox 797 4346 803 4358; x_wconf 94' lang='grc'><strong><em>.</em></strong></span> <span class='ocrx_word' id='word_1_318' title='bbox 835 4298 866 4368; x_wconf 89' lang='grc' dir='ltr'><strong><em>ἐς</em></strong></span> <span class='ocrx_word' id='word_1_319' title='bbox 901 4301 1066 4360; x_wconf 86' lang='grc' dir='ltr'><strong><em>Βιθυνίαν</em></strong></span> <span class='ocrx_word' id='word_1_320' title='bbox 1100 4305 1336 4380; x_wconf 89' lang='grc' dir='ltr'><strong><em>περιέπεμπεν.</em></strong></span> 
     </span>
    </p>
   </div>
   <div class='ocr_carea' id='block_1_11' title="bbox 0 0 1740 5036">
    <p class='ocr_par' dir='ltr' id='par_1_16' title="bbox 0 0 1740 5036">
     <span class='ocr_line' id='line_1_38' title="bbox 0 0 1740 5036; baseline 0 0"><span class='ocrx_word' id='word_1_321' title='bbox 0 0 1740 5036; x_wconf 95' lang='lat' dir='ltr'><strong><em> </em></strong></span> 
     </span>
    </p>
   </div>
  </div>
 </body>
</html>
