3452 5036
994 470 1015 536 A

387 655 490 716 autem
525 656 557 715 et
588 650 754 716 Sallustius
785 649 994 732 Hiempsalem
1029 650 1189 734 appellant
1223 669 1345 733 regem,
1381 653 1430 718 cui
1461 672 1591 736 regnum

386 751 547 832 Pompeius
575 749 755 814 reddiderit.
809 751 876 828 Quo
901 751 966 815 loco
989 752 1135 815 maiorem
1162 770 1286 816 cernere
1312 752 1384 816 licet
1404 753 1538 835 Appiani
1561 759 1593 817 et

386 847 512 914 Sallusti
536 869 628 933 quam
650 849 813 914 Plutarchi
835 856 868 914 et
889 849 1018 914 Sallusti
1040 851 1282 916 similitudinem.
1329 852 1418 917 Adde
1445 854 1530 934 quod
1559 855 1590 917 in

386 949 430 1012 eis
457 947 566 1030 rebus,
596 967 672 1031 quas
695 948 859 1014 Sallustius
883 967 943 1013 non
967 950 1148 1031 descripsit,
1178 957 1251 1031 post
1274 969 1387 1016 annum
1413 951 1530 1016 scilicet
1553 956 1591 1014 67

386 1045 497 1126 gestia,
536 1049 718 1112 enarrandis
749 1049 855 1112 cadem
890 1049 1051 1114 Plutarchi
1082 1057 1114 1114 et
1132 1053 1278 1133 ¹Appiani
1310 1052 1479 1116 similitudo
1512 1069 1592 1134 quae

386 1151 480 1210 antea
513 1153 626 1212 exstat.
673 1148 758 1212 Haec
787 1149 884 1228 igitur
912 1167 972 1212 non
1002 1147 1162 1214 sufficiunt
1189 1151 1229 1214 ad
1260 1151 1532 1217 demonstrandum
1555 1169 1593 1215 ex

387 1247 535 1312 Sallustio
558 1247 762 1312 Plutarchum
784 1248 931 1313 hausisse.

468 1348 502 1411 ln
523 1347 603 1410 hello
622 1347 731 1412 deinde
746 1347 956 1411 Mithridatico
975 1333 1179 1413 dascribendo
1192 1348 1378 1430 Theophane
1393 1349 1593 1417 Plutarchum

387 1465 475 1512 usiam
499 1465 567 1511 esse
583 1447 714 1512 Peterus
735 1451 839 1530 putat,
863 1448 893 1510 in
915 1447 990 1528 fuga
1012 1449 1145 1529 denique
1160 1448 1287 1529 Pompei
1305 1449 1481 1514 enarranda
1495 1449 1593 1514 Livio.

387 1547 443 1611 Oui
465 1549 640 1612 sentcntiae
662 1566 772 1613 vereor
795 1566 833 1636 ne
857 1548 956 1611 multa
981 1554 1163 1628 repugnent.
1208 1547 1235 1611 E
1258 1547 1448 1629 Theophane
1471 1547 1594 1628 quidem

386 1646 585 1711 Plutarchum
617 1666 677 1712 non
707 1647 848 1712 hausisse
879 1647 954 1711 haec
986 1647 1201 1711 demonstrant
1230 1667 1256 1712 c.
1279 1649 1335 1712 37:
1364 1645 1536 1730 Θεοφάνης
1556 1647 1595 1708 δὲ

386 1747 440 1809 καὶ
459 1745 627 1810 Ῥουτιλίου
648 1747 742 1828 λόγον
763 1748 949 1842 εὑρεθῆναξ
962 1766 1058 1829 φησι,
1090 1747 1325 1828 παροξυντικὸν
1347 1747 1404 1810 ἐπὶ
1423 1747 1482 1829 τὴν
1503 1747 1594 1810 airai-

309 1867 311 1876 ⁴
386 1866 476 1928 ρεσιν
501 1850 566 1909 τῶν
594 1849 629 1909 ἐν
655 1847 744 1931 Ἀσίᾳ
770 1848 942 1928 Ῥωμαίων,
988 1845 1027 1911 Ὅ
1053 1847 1157 1920 καλῶς
1184 1846 1365 1924 εἰκάζουσιν
1393 1845 1595 1910 οἱπλεῖστοι

385 1947 598 2030 κακοήθευμα
630 1951 689 2010 τοῦ
721 1948 912 2030 Θεοφάνους
945 1937 1047 2028 εἶναι,
1079 1945 1167 2026 τοέχα
1196 1949 1257 2027 μὲν
1286 1945 1384 2008 ου’δὲυ
1417 1945 1507 2026 αὐτῷ
1535 1947 1595 2008 τόν

383 2045 553 2110 Ῥουτίλιον
575 2045 704 2111 ἐοικότα
725 2049 905 2128 μισοῦντος,
928 2046 1011 2121 εἰκὸς
1032 2047 1069 2108 δὲ
1091 2047 1145 2108 καὶ
1167 2046 1222 2108 daal
1248 2053 1360 2126 Πομπ.
1457 2046 1594 2109 Aliorum

387 2145 484 2224 igitur
508 2146 545 2210 de
561 2145 749 2227 Theophane
766 2153 928 2210 auctorum
947 2147 1091 2211 iudicium
1107 2144 1273 2209 Plutarcho
1294 2153 1368 2210 ante
1391 2145 1496 2208 oculos
1517 2151 1593 2210 erat.
1696 2169 1699 2176 ·

386 2243 451 2308 Nec
480 2244 554 2308 mihi
583 2247 770 2326 persuadere
799 2263 923 2326 possum
952 2247 1054 2311 tribus
1086 2247 1116 2308 in
1141 2264 1202 2309 una
1223 2246 1287 2325 vita
1308 2245 1435 2326 Pompei
1459 2245 1592 2310 conscri-

388 2342 487 2408 benda
519 2345 698 2410 auctoribus
729 2363 817 2408 usum
851 2363 919 2408 esse
949 2344 1158 2410 Plutarchum.
1210 2344 1352 2422 Quonam
1382 2344 1472 2408 modo
1500 2362 1593 2426 porro

387 2443 442 2507 tali
474 2462 492 2506 a
524 2443 691 2508 Plutarcho
728 2445 759 2507 in
791 2446 857 2508 vita
893 2444 1115 2509 conscribenda
1148 2445 1269 2507 ratione
1298 2442 1439 2508 adhibita
1472 2449 1594 2507 tantam

386 2542 497 2623 ubique
520 2562 587 2607 cum
611 2545 753 2625 Appiano
777 2544 1009 2608 similitudinem
1033 2544 1190 2608 exstitisse
1211 2542 1409 2623 putemus?¹)

386 2653 579 2662 ----.--—

457 2690 482 2758 l)
500 2688 590 2744 Aliter
608 2689 642 2742 de
663 2688 718 2742 vita
729 2689 1097 2755 CaesarisPcterusiudioat,
1117 2689 1146 2743 in
1156 2708 1211 2758 qua
1220 2691 1408 2760 componenda
1419 2688 1596 2743 Plutarchum

388 2776 416 2829 et
436 2773 529 2829 Asinio
548 2774 671 2830 Pollione
697 2775 801 2830 etalio
826 2780 937 2832 astatore
961 2770 1040 2830 usum
1066 2793 1124 2830 esse
1146 2777 1242 2840 docet,
1269 2775 1302 2830 de
1322 2793 1374 2844 quo
1393 2774 1461 2830 dicit
1486 2793 1511 2844 p.
1532 2776 1595 2827 127:

388 2861 468 2915 Danu
488 2861 624 2916 berichtet
640 2861 773 2916 Plutarch
792 2879 814 2916 c.
830 2863 932 2916 57-68
951 2863 1018 2917 iiber
1036 2863 1147 2918 Caesars
1167 2861 1338 2917 dffentliches
1349 2861 1465 2915 Wirksn
1484 2860 1512 2913 in
1526 2861 1596 2914 Rom

444 2949 502 3001 und
519 2948 611 3002 beruft
629 2947 687 3002 sich
705 2947 787 3002 dabei
805 2965 827 3002 a.
844 2949 878 3001 63
896 2950 946 3002 aul
959 2949 1056 3004 Strabo
1072 2950 1128 3004 und
1145 2991 1165 3004 ..
1181 2949 1282 3003 Livius.
1316 2948 1373 3003 Aus
1392 2949 1454 3002 dem
1476 2950 1596 3001 ersteren

389 3034 473 3088 theilt
491 3052 521 3089 er
539 3034 760 3092 einVorzeichen
781 3035 828 3088 des
845 3033 975 3104 baldigen
993 3036 1082 3090 Todes
1102 3053 1152 3090 von
1173 3037 1271 3090 Caesar
1288 3034 1348 3101 mit,
1368 3033 1521 3088 aushivius
1536 3033 1597 3086 eine

307 3132 311 3141 “
387 3138 439 3175 von
465 3121 513 3176 dar
536 3121 606 3175 eben
630 3121 789 3191 gegebeneu
808 3120 1004 3175 abweichende
1022 3121 1136 3175 Version
1155 3123 1201 3176 des
1220 3123 1350 3176 Traumes
1375 3121 1424 3174 der
1441 3118 1596 3189 Calpurnia.

388 3208 482 3262 indess
500 3207 571 3262 fehlt
590 3225 618 3262 es
636 3224 686 3261 uns
704 3226 741 3261 an
755 3207 846 3276 jedem
864 3208 975 3272 Anhalt,
996 3226 1040 3261 um
1053 3208 1248 3274 festaustellcn‚
1268 3208 1302 3260 ob
1319 3208 1394 3262 disse
1413 3206 1482 3260 noch
1501 3205 1597 3260 weiter

388 3293 444 3348 und
460 3293 689 3358 welcheQucllen
708 3309 801 3347 ausser
819 3293 903 3348 ihnan
923 3297 994 3347 etwa
1013 3293 1127 3347 benutzt
1144 3295 1211 3347 sind.
1247 3293 1338 3348 Soviel
1356 3293 1424 3346 aber
1443 3291 1517 3346 steht
1535 3291 1596 3353 fest,

388 3381 450 3444 dass¹
468 3379 599 3434 Plutarch
618 3381 678 3434 hier
696 3381 777 3434 kalne
794 3379 991 3451 ungliickliche
1008 3380 1093 3434 Wahl
1112 3381 1247 3450 getroffen
1267 3380 1326 3443 hat,
1345 3380 1393 3434 der
1413 3379 1464 3433 wir
1481 3378 1596 3434 manche

387 3464 569 3521 interessente
588 3467 671 3520 Notiz
692 3467 858 3521 verdanken.
895 3467 955 3520 Von
982 3465 1034 3540 deu
1058 3468 1177 3536 librigen
1193 3467 1332 3540 Antoren,
1359 3466 1462 3520 welche
1480 3463 1531 3518 auf
1546 3481 1597 3516 uns

377 3552 553 3621 uelamen
577 3552 637 3606 sind
665 3554 720 3606 und
739 3553 861 3608 dieselbe
879 3553 937 3608 Zeit
955 3553 1131 3618 habandein„
1151 3552 1259 3607 scheint
1281 3552 1377 3606 keiner
1396 3553 1483 3606 dieser
1503 3551 1597 3616 Quelle
1640 3553 1645 3562 '

388 3639 435 3693 des
454 3639 588 3694 Plutarch
606 3639 780 3710 vorwiegend
802 3638 911 3708 gesolgt
929 3658 963 3693 zu
981 3639 1050 3704 sein,
1069 3640 1142 3693 denn
1162 3639 1229 3692 bald
1247 3638 1354 3692 stimmt
1374 3656 1402 3692 er
1421 3638 1472 3692 mit
1491 3636 1608 3692 Cassius'

387 3725 464 3790 Dia,
488 3727 554 3782 bald
572 3725 623 3779 mit
639 3725 755 3795 Appian.
775 3727 859 3794 atque
878 3727 910 3779 de
930 3727 1004 3781 Caes.
1023 3728 1072 3780 c.l
1094 3726 1231 3792 usquead
1252 3743 1272 3779 c.
1291 3727 1336 3778 14:
1363 3723 1493 3779 Plutarch
1515 3723 1599 3777 selbst

387 3815 475 3866 nennt
498 3831 552 3866 nur
574 3811 727 3875 Schriften,
760 3810 804 3864 die
830 3829 859 3866 er
884 3812 971 3866 ihram
995 3811 1106 3866 Inhalte
1134 3810 1206 3865 nach
1232 3811 1311 3865 nicht
1337 3829 1384 3864 aur
1412 3807 1599 3878 Hauptquelle

388 3897 504 3951 arachen
519 3897 609 3951 kann:
629 3898 748 3952 niimlich
768 3899 818 3952 c.3
838 3898 889 3952 den
910 3899 1042 3953 Anticato
1060 3898 1107 3951 des
1127 3897 1226 3952 Caesar
1245 3898 1301 3952 und
1318 3915 1341 3952 c.
1356 3898 1372 3950 8
1388 3895 1599 3951 Cicero'sWark

388 3984 421 4036 de
440 3985 650 4040 consulatu...
687 3985 741 4038 Das
765 3984 853 4054 einzig
871 3985 993 4050 Sichere‚
1018 4001 1074 4038 was
1097 3983 1147 4037 wir
1171 3983 1240 4036 iiber
1260 3984 1353 4038 diesen
1371 3983 1521 4037 Abschnitt
1538 3999 1597 4036 asss-

389 4086 475 4138 sagen
493 4071 611 4134 konnen,
630 4070 675 4135 ist,
695 4072 756 4125 dass
775 4089 804 4124 cr
822 4071 874 4124 den
884 4071 987 4126 Sallust
1005 4072 1050 4124 fiir
1067 4070 1111 4124 die
1123 4069 1360 4138 Dorstellungder
1371 4068 1600 4123 Catilinarischen

389 4155 608 4227 Verschwdrung
628 4156 706 4210 nicht
723 4158 837 4211 benutzt
855 4157 920 4220 hat;
941 4199 987 4212 ...
1006 4156 1097 4212 indess
1116 4156 1224 4212 soheint
1240 4155 1396 4208 Plutarch's
1415 4151 1510 4220 Quelle
1529 4154 1600 4208 auch

388 4239 449 4294 hier
465 4241 544 4294 nicht
563 4261 595 4295 nu
614 4245 666 4297 den
681 4243 885 4298 schlechtesten
903 4244 1001 4312 gehlirt
1019 4261 1050 4296 zu
1070 4243 1162 4296 haben
1164 4282 1274 4295 .....
1313 4241 1439 4294 Proxime
1457 4245 1531 4294 certe
1549 4240 1601 4294 hoc

389 4328 448 4381 loco
466 4330 499 4382 ad
520 4347 613 4383 vertam
632 4331 736 4386 accedit
752 4321 875 4394 Peterus,
895 4348 912 4384 a
931 4347 985 4398 quo
1003 4331 1032 4384 in
1052 4329 1177 4383 fontibus
1195 4327 1270 4382 vitae
1288 4325 1399 4396 Pompei
1417 4324 1601 4380 describendis

392 4413 476 4484 longe
494 4415 598 4470 aberat.
