3452 5036
974 401 1014 464 λ8

388 585 519 651 cundem
542 581 666 664 quidem
687 581 766 645 citat
787 581 924 662 peditum
947 602 1118 668 numerum,
1143 587 1196 650 sed
1221 587 1373 652 ducentas
1395 592 1608 671 septuaginta

389 706 499 764 naves,
519 693 669 766 quattuor
691 682 774 746 milia
794 684 948 763 equitum,
971 685 1080 763 viginti
1102 687 1238 767 quinque
1261 696 1430 754 senatores.

470 794 639 858 Praeterea
657 788 845 878 Plutarchus
861 790 950 854 docet
968 791 1091 854 uomina
1108 791 1239 856 ducrum
1257 793 1366 858 ducum
1384 795 1607 861 Romanorum

387 915 407 960 a
434 893 545 976 piratis
573 898 735 972 captorum
766 889 922 970 filiamque
945 891 1071 954 Antonii
1100 898 1242 972 captam,
1271 895 1485 960 crudelitatem
1513 898 1607 977 pira-

389 1004 493 1062 tarum
507 994 538 1057 in
557 992 688 1074 captiuis
708 991 889 1068 tractandis,
912 990 1077 1054 Gabinium
1094 991 1189 1055 etiam
1201 993 1281 1056 citat
1297 993 1383 1074 legis,
1406 1013 1468 1074 qua
1486 997 1606 1060 datum

388 1102 435 1160 est
456 1093 604 1174 Pompeio
629 1091 806 1172 imperium,
835 1098 1011 1170 auctorem,
1042 1097 1074 1156 et
1096 1092 1134 1156 de
1156 1095 1369 1158 controversia
1392 1097 1465 1160 dicit
1486 1104 1518 1161 et
1539 1099 1607 1161 iui-

344 1181 348 1186 ’
386 1195 507 1258 micitiis
533 1197 661 1257 senatus
684 1199 715 1256 et
743 1191 929 1272 optimatum
952 1199 1061 1255 contra
1085 1191 1279 1273 Pompeium;
1310 1193 1449 1260 Athenas
1472 1215 1607 1280 quoque

386 1313 456 1358 eum
480 1294 625 1360 visitasse
647 1298 757 1356 narrat
774 1291 880 1373 ibique
902 1297 939 1356 ut
959 1291 1050 1355 deum
1072 1291 1260 1357 honoratum
1283 1311 1360 1358 esse.

470 1395 630 1476 appianus
646 1398 751 1456 autem
769 1411 822 1458 eos
840 1401 1003 1457 enumerat
1025 1393 1129 1470 duces,
1150 1393 1262 1474 quibus
1276 1394 1443 1475 Pompeius
1465 1395 1497 1458 iu
1516 1393 1604 1458 bello

275 1495 279 1506 ’
387 1515 456 1561 cum
480 1496 590 1576 piratis
612 1493 748 1574 gerendo
769 1484 966 1575 successerit,
995 1495 1156 1558 Murenam
1178 1501 1210 1558 et
1231 1495 1394 1560 Servilium
1417 1498 1603 1580 Isauricum

387 1605 572 1677 etquenam
594 1595 684 1659 modo
707 1595 848 1674 singulae
873 1594 966 1658 maris
992 1603 1099 1677 partes
1122 1598 1205 1666 iuter
1226 1604 1385 1661 senatores
1405 1617 1424 1661 a
1445 1599 1602 1680 Pompeio

387 1697 575 1762 distributae
596 1697 660 1762 siut
684 1695 840 1761 describit.

972 1907 1007 1970 V.

622 2039 776 2104 Bellum
798 2036 1139 2103 Mithridaticum.
1183 2058 1208 2103 c.
1232 2045 1362 2106 30-43.

388 2189 474 2253 Plut.
499 2192 562 2252 32:
599 2139 797 2250 Mithridates
823 2185 968 2253 ¹habebat
1018 2189 1102 2271 App.
1123 2189 1173 2253 M.
1196 2191 1253 2254 97:
1292 2190 1468 2256 Mithridati
1507 2199 1597 2257 eraut

386 2292 590 2370 τρισμυρίους
619 2286 734 2364 πεζοίς
755 2338 790 2351 ..
818 2288 871 2349 καὶ
900 2287 967 2352 δισ-
1016 2286 1198 2372 τρισμύριοι
1244 2292 1334 2368 πεζοὶ
1382 2293 1436 2354 καὶ
1485 2292 1599 2368 ἱππεῖς

386 2386 505 2466 χιλίους
528 2386 650 2461 ἱππεῖς.
993 2390 1193 2482 τρισχίλιοι.

387 2494 438 2559 ubi
467 2513 525 2558 nou
556 2495 661 2574 magui
686 2500 735 2558 est
756 2494 919 2574 nmmeuti,
950 2495 1035 2581 quod
1061 2496 1247 2562 Plutarchus
1270 2499 1444 2578 δισχιλίους
1464 2501 1593 2580 praebet

386 2594 548 2675 Appiauus
570 2613 642 2659 vero
662 2594 861 2676 τρισχιλίους.

467 2712 547 2790 Quid
566 2712 764 2776 Mithridates
787 2711 898 2776 deinde
915 2712 946 2775 in
969 2711 1048 2775 bello
1065 2713 1173 2792 egerit,
1196 2713 1351 2777 nonnullis
1371 2713 1444 2778 locis
1464 2723 1590 2780 narrant

385 2813 616 2876 consentientes
638 2811 707 2876 aliis
730 2811 959 2876 dissentientes

385 2929 434 2995 Pl.
462 2931 482 2994 ί.
506 2930 550 2994 λι
599 2928 963 3012 περιστρατοπεδεύσας
1012 2932 1162 3012 Αμμ.99;
1187 2929 1590 3016 στρατόπεδα..περιθεῐς

384 3033 590 3112 περιετείχιζε
616 3075 674 3093 ...
698 3037 799 3092 πέντε
819 3031 872 3093 καὶ
894 3054 963 3092 τετ-
1012 3031 1226 3114 οἷπετοίφρεοε
1249 3081 1256 3096 .
1278 3081 1285 3097 .
1308 3031 1399 3114 μόλις
1422 3033 1454 3106 ἐς
1476 3033 1589 3117 πεντή-

383 3128 567 3210 ταρυίκοντα
595 3129 823 3215 πολιορκηθεὶς
844 3131 964 3213 ἠμέρας
1012 3155 1137 3197 κοντα.
1161 3182 1167 3196 .
1189 3130 1309 3215 ἡμέρας
1336 3133 1450 3207 νυκτὸς
1476 3134 1588 3196 οἷπεδί-

384 3229 506 3293 studea
526 3228 676 3312 α’ποδρας
699 3281 737 3296 ..
844 3309 847 3316 Ι
1012 3232 1133 3312 δρασκε
1156 3231 1218 3295 σύν
1240 3236 1356 3316 σιωπῇ.

465 3362 631 3442 Pompeius
652 3382 720 3427 cum
743 3363 954 3428 Mithridatem
977 3365 1147 3444 lugientem
1170 3370 1332 3429 assecutus
1353 3370 1453 3442 esset,
1481 3383 1585 3429 manus

382 3480 450 3526 cum
473 3480 509 3525 ec
531 3464 687 3526 conseruit
717 3469 749 3527 et
777 3462 897 3527 hostem
926 3465 1010 3528 vicit.
1053 3465 1139 3542 erae
1167 3477 1272 3528 autem
1302 3467 1332 3529 in
1360 3467 1476 3545 proelio
1501 3473 1586 3544 gesta

382 3561 455 3639 sint,
478 3561 563 3625 varie
583 3571 723 3641 narrant,
746 3580 851 3626 verum
877 3563 915 3626 de
937 3582 1065 3628 numero
1087 3584 1248 3629 caesorum
1270 3567 1485 3630 consentiunt:

379 3693 429 3758 Pl.
453 3697 472 3758 l.
489 3693 528 3760 t:
565 3689 650 3757 ὥστε
688 3693 773 3757 πολιί
806 3684 959 3770 πλείονας
1011 3700 1095 3778 App.
1119 3699 1195 3762 100:
1236 3699 1290 3760 καὶ
1318 3697 1530 3781 ἀνῃρέθησαν
1555 3698 1583 3770 ἐς

377 3798 501 3875 μυρίων
528 3791 735 3874 α’ποθανείν,
767 3795 890 3860 οἵλῶναι
920 3798 956 3860 δὲ
1009 3802 1154 3880 μυρίους,
1196 3797 1250 3860 καὶ
1286 3797 1324 3861 τὰ
1360 3796 1583 3879 στρατόπεδον

377 3893 415 3957 cd
439 3892 675 3975 στρατόπεδον.
1010 3894 1068 3980 ὅλη
1094 3901 1133 3982 τῇ
1162 3902 1354 3982 παρασκευῇ
1384 3896 1580 3985 κατελήφθη.

460 4048 510 4114 Ρί.
533 4051 552 4114 l.
565 4049 586 4113 l.
608 4050 693 4131 App.
712 4053 774 4115 101
794 4051 993 4118 Mithridates
1014 4055 1116 4118 victus
1137 4073 1204 4118 cum
1228 4055 1335 4134 paucis
1357 4054 1474 4136 effugit.

379 4171 423 4245 εἰς
440 4177 557 4256 χωρίον
578 4177 708 4257 Σίνωρα
728 4157 926 4258 χρημιίτων.
950 4227 956 4240 .
1006 4179 1037 4253 ἐς
1051 4176 1210 4260 Σινόρηγα
1224 4177 1375 4261 φρούριον
1393 4227 1398 4240 .
1413 4229 1420 4244 .
1435 4177 1580 4264 χρήματα

377 4273 501 4357 μεστὸν
522 4323 529 4335 .
554 4323 560 4338 .
587 4277 653 4347 τοῖς
676 4275 958 4360 συνδεδραμηκόσι
1005 4279 1111 4345 πολλοὶ
1125 4330 1149 4345 ..
1166 4330 1172 4344 .
1188 4283 1271 4354 ,τοῖς
1283 4280 1489 4364 σομφυγοῦσι
1505 4280 1579 4344 dona
