3452 5036
717 421 753 487 31

216 603 402 684 Triumphus
417 601 566 683 Pompeio
586 606 655 665 erat
670 601 799 666 duorum
820 600 937 666 dierum
950 603 1036 670 Prot.
1048 605 1205 688 chapp.
1219 609 1344 692 Iidem,

132 707 268 770 citantur
286 704 305 767 l.
330 705 348 766 l.
372 710 476 766 terrae
499 710 531 764 et
548 708 681 782 gentes,
704 701 876 781 dequibus
900 703 1140 784 triumphaverit
1161 708 1343 789 Pompeius;

132 823 211 888 quas
235 802 424 870 Plutarchus
447 802 587 865 nominat
608 801 768 881 Appianas
790 819 912 882 quoque
932 804 1077 884 praebet,
1108 805 1161 870 sed
1184 808 1342 888 Appiauus

133 905 314 970 uberiorest
323 911 354 968 et
363 902 548 978 accuratior,
567 901 692 966 tabulae
701 919 939 982 quoqueregmn
949 895 1151 984 devictorum,
1161 906 1344 986 oppidorum

133 1005 328 1069 conditorum
359 1002 432 1066 tacit
462 1003 661 1066 mentionem.
693 1037 729 1048 —-
758 1001 909 1066 Militibus
942 1002 1071 1076 singulis
1100 1004 1236 1083 praemio
1260 1005 1346 1069 dedit

132 1102 409 1186 Pompeiusbello
433 1102 642 1165 Mithridatico
671 1100 814 1166 contecto
846 1100 929 1165 mille
957 1102 1145 1182 quingentas
1172 1102 1344 1169 drachmas.

133 1206 214 1271 Plut.
245 1210 294 1268 ta.
327 1204 405 1284 App.
438 1206 505 1264 116.
537 1238 573 1247 —
606 1201 723 1266 Eodem
751 1201 816 1265 fere
846 1201 954 1265 ordino
982 1201 1119 1266 citantur
1148 1202 1346 1283 octingentae

134 1323 231 1368 naves
258 1311 385 1385 captae,
412 1302 504 1366 urbes
533 1301 692 1380 conditae,
722 1319 813 1381 reges
830 1301 922 1365 ¹victi.
965 1299 1035 1365 Non
1066 1319 1193 1381 prorsus
1223 1303 1346 1383 quidem

133 1401 321 1467 Plutarchus
361 1408 392 1468 et
427 1402 588 1483 Appianus
626 1401 824 1466 consentiunt
864 1401 892 1464 in
938 1399 1112 1465 nominibus
1152 1402 1345 1483 captivorum

133 1502 369 1577 enumerandis,
399 1503 511 1566 necin
538 1501 649 1566 ceteris
676 1499 824 1582 triruuphi
850 1500 994 1582 partibus
1019 1498 1068 1564 vel
1097 1501 1271 1566 actionibus
1296 1502 1348 1566 ‹le-

136 1602 310 1694 scribcndis
332 1603 411 1666 idern
435 1619 556 1682 semper
578 1602 694 1665 dicunt.

134 1726 219 1794 Plot.
234 1728 291 1789 51:
315 1725 430 1792 Lucam
456 1746 494 1790 ex
516 1727 620 1791 Gallia
647 1744 716 1806 per·
767 1725 852 1807 App.
866 1725 917 1808 H,
927 1727 981 1789 17:
1000 1724 1115 1789 Lucam
1131 1725 1170 1789 ad
1186 1724 1348 1789 Gaesarem

133 1828 218 1889 venit
236 1824 358 1905 Caesar,
381 1844 443 1908 quo
463 1826 576 1891 multos
592 1826 631 1890 ad
649 1845 733 1891 eum.
768 1825 856 1888 multi
871 1831 1035 1903 venerunt,
1058 1826 1110 1905 qui
1123 1825 1350 1891 ducesluerant

135 1927 325 1989 concurrisse
350 1932 469 2004 narrat,
493 1925 717 2010 σινγκίητικοίς
769 1930 801 1987 ct
823 1925 1027 2001 magistratus
1044 1972 1051 1989 .
1067 1975 1072 1988 .
1088 1924 1129 1997 τίς
1151 1924 1268 1989 ἑκατὸν
1289 1919 1368 2006 μέν

135 2024 172 2086 δέ
182 2025 373 2105 διακοσίους,
383 2028 417 2089 ἐν
428 2017 535 2100 οἷςκαῑ
545 2025 719 2112 Πομπήιος
769 2047 850 2086 ποτε
880 2023 934 2086 καὶ
965 2023 1067 2088 εἴκοσι
1099 2023 1242 2106 ῥάβδους
1265 2021 1348 2108 ἄμμ’

132 2114 601 2212 ἧι·καὶ1ίράσσος,...ἑκατδν
617 2125 718 2190 εἴκοσι
768 2124 872 2187 αέτδν
901 2128 1074 2204 γενέσθαι,
1107 2125 1284 2205 βουλευτάς
1313 2126 1351 2188 δὲ

137 2224 277 2307 ῥάβδους
299 2225 355 2288 ἐπὶ
378 2229 450 2299 ταῖς
472 2231 635 2308 Καίσαρος
657 2224 717 2288 ad·
768 2224 899 2297 πλείους
937 2223 1129 2303 διακοσίων,
1173 2225 1249 2299 τοδς
1289 2230 1351 2307 μὲν

133 2348 202 2404 ραις
239 2325 398 2408 ὀφθῆναι.
460 2325 536 2400 τοδς
568 2330 629 2406 μὲν
660 2316 718 2390 οὖν
768 2325 1002 2406 ἀμειβομένους
1022 2373 1029 2388 .
1050 2373 1057 2388 .
1079 2323 1154 2398 τοδς
1174 2325 1211 2388 δὲ
1231 2348 1351 2409 χρημα-

133 2421 252 2498 attam
285 2423 436 2500 ἅπαντας
469 2425 640 2512 ἐμπλήσας
669 2427 717 2491 ἐλ-
767 2433 955 2506 τιονμένους
974 2473 979 2486 .
1001 2473 1008 2488 .
1030 2424 1084 2488 καὶ
1105 2424 1278 2511 Πομπήιος
1297 2427 1350 2489 καὶ

134 2525 242 2588 πίδων
261 2525 315 2588 καὶ
334 2525 508 2609 χρημάτων
522 2525 716 2606 ἐπίστελλε,
767 2524 919 2606 Κράσσος
948 2523 979 2587 οῖ
1004 2525 1148 2588 κοινωνοὶ
1179 2527 1233 2610 τῆς
1254 2525 1350 2589 δυνα·

134 2624 278 2706 Κράσσῳ
308 2625 345 2688 δὲ
371 2627 424 2688 καὶ
446 2627 611 2711 Πομπηίῳ
636 2627 718 2705 πρδς
768 2629 879 2697 στείας
902 2624 956 2687 καὶ
978 2623 1090 2698 αὐτοῖς
1109 2625 1353 2706 βουλευομένοις

135 2724 237 2788 αίτδν
260 2727 406 2806 ἐγένοντο
429 2729 609 2811 συνθῆκαι,
621 2749 717 2808 ’μετι-
769 2725 864 2800 ἔδοξε
872 2723 1049 2809 Πομπήιον
1060 2729 1121 2807 μὲν
1133 2726 1187 2787 καὶ
1195 2724 1352 2806 Κράσσον

135 2832 206 2887 ἐιαι
234 2829 296 2906 μὲν
322 2825 483 2900 ὑπατείας
512 2827 682 2901 ἐκείνους.
710 2877 717 2892 .
770 2813 872 2900 αὖθις
893 2825 1090 2904 ὑπατεῦσαι,
1112 2830 1254 2908 Καίσαρι
1274 2826 1303 2888 δ’
1320 2828 1352 2900 ἐς
1453 2871 1456 2877 -

137 2929 278 3005 Καίσαρι
306 2925 343 2988 δὲ
371 2925 431 3000 τάς
461 2921 562 3000 οὔσας
589 2927 718 3013 (ἠγεμο-
767 2927 829 3012 τήν
856 2925 1032 3011 ἡγεμονίαι·
1060 2913 1109 2988 οἷν
1134 2916 1222 3006 εἶχεν
1242 2926 1353 2990 ἐθνῶν

137 3025 222 3145 νίας)
244 3028 400 3106 βεβαιοῦν·
423 3024 467 3100 είς
482 3024 583 3108 ἄλλην
599 3049 718 3090 πεντα-
768 3023 870 3145 άλβην
918 3025 1191 3113 ἐπιψηφισθῆναι
1233 3047 1352 3134 πεντα-

140 3147 240 3187 ditali.
770 3147 870 3189 εἶδαν.

220 3240 279 3318 Qui
294 3241 382 3306 locus
399 3241 603 3305 similitudine
619 3248 651 3305 et
668 3260 769 3307 rerum
789 3241 908 3304 ordinis
926 3247 959 3306 et
977 3241 1140 3306 verborum
1159 3242 1288 3324 insignis
1303 3247 1353 3308 est

139 3341 302 3406 Ptousa:
324 3342 412 3424 Iulia,
431 3341 563 3422 Pompei,
580 3342 721 3421 coniunx,
771 3341 976 3425 Appiam:
999 3341 1019 3426 ἡ
1030 3346 1193 3424 Καίσαρος
1204 3341 1352 3424 θυγάτηρ
1427 3365 1432 3373 ·

137 3439 291 3524 κυήσασα
313 3489 320 3505 .
344 3489 350 3503 .
374 3438 573 3522 ἐτελεύτησε.
769 3440 894 3506 κύουσα
914 3444 960 3524 τῷ
980 3443 1145 3525 Πομπηΐῳ
1166 3440 1315 3525 θνήσκει.
1428 3457 1433 3468 ’

221 3531 307 3622 Ptol.
329 3557 380 3620 57.
409 3557 495 3639 App.
519 3556 578 3637 ΙΙ,
600 3559 653 3620 30.
697 3557 833 3638 Appius,
857 3557 918 3622 dux
941 3559 1060 3639 primae
1081 3557 1213 3637 legionis
1234 3556 1353 3638 (Prot),

138 3676 157 3722 a
175 3656 309 3721 Caesare
329 3655 360 3719 in
379 3655 500 3719 ltaliam
520 3656 678 3732 remissae,
702 3656 800 3720 multo
817 3659 1032 3736 pronuntiavit
1048 3657 1086 3721 de
1104 3657 1237 3721 Caesare
1257 3655 1353 3719 male-

139 3755 222 3819 dicta
246 3773 377 3835 eumque
405 3757 541 3820 animum
564 3755 731 3836 descripsit
758 3755 890 3818 militum
914 3757 1012 3838 illius,
1041 3763 1093 3837 ut,
1123 3756 1148 3822 si
1175 3756 1206 3820 iu
1230 3755 1351 3822 ltaliam

139 3855 306 3929 venissent,
324 3871 385 3918 non
403 3854 530 3919 dubium
550 3861 642 3932 esset,
659 3855 732 3935 quin
749 3855 854 3948 statim
869 3854 996 3936 Pompei
1011 3860 1118 3935 partes
1134 3863 1351 3938 sequerentur.

223 3949 379 4034 Dih'erunt
410 3970 598 4036 Plutarchus
636 3977 669 4035 et
699 3971 859 4053 Appianas
893 3971 931 4034 de
960 3957 1094 4054 'pecunia
1131 3972 1162 4036 in
1196 3971 1352 4035 aerarium

140 4089 160 4135 a
181 4070 328 4152 Pompeio
350 4070 447 4135 illata.

222 4186 352 4269 Proprie
382 4186 515 4266 denique
544 4188 589 4250 sui
622 4187 754 4268 quisquc
785 4187 924 4269 praehet.
975 4187 1179 4268 Plutarchus,
1216 4186 1287 4266 qui,
1318 4190 1353 4250 ut

144 4306 240 4368 supra
265 4288 408 4364 diximus,
432 4287 516 4350 solus
541 4286 784 4371 copiarumque
808 4293 927 4366 narrat,
951 4306 1031 4370 quae
1052 4287 1091 4351 od
1114 4286 1234 4351 civilem
1256 4287 1354 4351 vitam
