3452 5036
991 422 1028 484 10

343 577 347 593 x
404 616 521 672 σαντος
543 599 639 681 ἔγημε
661 604 714 676 II.,
737 598 889 680 μείλιγμα
908 605 983 664 Και·
1032 618 1102 665 σειν
1127 601 1259 682 ἔφησεν,
1287 599 1366 663 ούδέ
1393 599 1497 680 αὐτὴν
1524 599 1616 678 οίνέγ-

403 703 501 761 πίωιτ
539 699 595 784 τῆς
633 698 726 780 ὀργῆς
764 698 825 783 την
865 697 985 761 ἑαυτοῦ
1031 723 1107 781 γνον
1135 689 1256 778 ούσαν,
1294 699 1380 763 α’λλοὶ
1405 699 1548 780 Φαύστῳ
1568 703 1616 779 τῷ

404 803 569 879 θυγατέρα
606 805 799 872 καταινέσας
837 796 984 878 Φαύστῳ
1033 797 1143 864 Σύλλα
1166 801 1262 862 παιδὶ
1287 800 1614 883 καθωμολογημείἠν.

402 899 449 977 τῷ
480 897 576 960 παιδὶ
605 895 714 962 Σύλλα
745 896 907 978 πρότερον
938 899 984 979 ἐγ·
1031 896 1616 982 Ὀλίγῳδέύστερονίίαῖσαρη’γύγετο

404 1004 604 1080 γεγυημέιην.
644 995 747 1070 Αύτδς
783 995 821 1059 δέ
854 1002 985 1078 Καίσαρ
1033 999 1265 1081 Καλπουρνίαν
1292 1003 1458 1081 θυγατέρα
1486 1003 1615 1063 Πείσω-

403 1097 499 1182 ἔγημε
521 1097 752 1176 Καλπουρνίαν
778 1097 839 1183 την
858 1102 985 1162 Πείσω-
1033 1121 1094 1172 νος.
1119 1149 1177 1164 ...
1201 1105 1242 1162 11.
1264 1098 1433 1182 ἐμπλήσας
1459 1121 1616 1182 στρατιω-

402 1219 463 1270 νος.
549 1203 593 1260 Π.
612 1196 771 1282 ἐνέπλησε
788 1197 848 1280 την
864 1197 985 1280 α’γορδν
1032 1202 1098 1261 τῶν
1117 1199 1178 1285 την
1199 1197 1305 1263 πόλιν.

402 1294 521 1360 ὅπλων.

486 1394 562 1460 Inde
584 1396 666 1460 tanti
687 1397 718 1459 in
739 1397 805 1461 foro
828 1398 889 1461 orti
911 1403 986 1461 suut
1009 1397 1169 1475 tumultus,
1193 1416 1261 1461 eum
1285 1397 1369 1477 leges
1389 1397 1554 1478 ferrentur,
1579 1405 1615 1462 ut

403 1495 485 1559 alter
518 1494 627 1558 consul
657 1495 784 1561 Bibulus
817 1498 899 1560 vitae
930 1502 1071 1560 metuens
1104 1513 1202 1576 usque
1239 1497 1280 1560 ad
1313 1497 1404 1562 finem
1428 1497 1614 1584 'consulatus

404 1593 485 1658 dorni
522 1601 708 1660 remaneret.
762 1595 881 1661 Catone
923 1596 1041 1660 frustra
1082 1601 1277 1678 repugnante
1310 1597 1438 1662 eronus
1470 1597 1614 1662 tribunus

407 1692 508 1775 plebis
529 1692 629 1758 iactus
652 1699 710 1759 est.
734 1731 771 1740 —

485 1824 594 1908 Pomp.
614 1827 656 1890 54
671 1825 758 1892 Caes.
771 1829 823 1890 28.
861 1825 980 1890 Catone
995 1826 1183 1890 adhortante
1195 1826 1358 1907 Pompeius
1372 1828 1477 1892 consul
1489 1834 1614 1892 creatur

404 1925 472 1990 sine
494 1924 623 2005 collega,
644 1932 680 1990 ut
701 1925 921 2007 rempublicam
944 1925 1158 2007 perturbatam
1184 1927 1376 1991 restitueret.

404 2043 582 2130 ἐψηφίσθη
600 2042 638 2104 δὲ
654 2042 745 2124 αύτῷ
758 2044 816 2117 τοὶς
827 2044 984 2126 ἐπαρχίας
1032 2041 1064 2106 οἱ
1083 2043 1121 2106 δὲ
1141 2044 1195 2105 καὶ
1216 2043 1334 2124 χρόνον
1356 2045 1613 2132 ἐπεψηφίσαντο

404 2143 489 2221 ἔχειν
511 2139 556 2214 είς
575 2139 677 2225 ἄλλην
694 2151 900 2223 τετραετίαν,
929 2144 983 2206 καὶ
1031 2146 1097 2205 τῶν
1126 2143 1291 2225 ἐπαρχιῶν
1321 2192 1328 2207 .
1353 2192 1360 2206 .
1390 2193 1397 2208 .
1427 2142 1466 2218 ἃς
1491 2142 1613 2226 διῴκει-

402 2240 490 2321 χίλια
515 2240 663 2305 τάλαντα
693 2242 874 2324 λαμβάνειν
904 2245 982 2305 καθ’
1033 2243 1238 2323 πρεσβευτάς
1292 2243 1505 2307 α’ποστέλλων
1558 2246 1613 2308 καὶ

403 2341 541 2405 ἕκαστον
553 2342 712 2422 ἐνιαυτδν,
733 2331 985 2432 α’φίδνίίρέψει
1034 2339 1264 2424 στρατεύματα
1285 2352 1422 2425 τρέφων,
1445 2335 1491 2417 οἷς
1514 2344 1610 2424 ἐλύμ-

402 2440 458 2503 καὶ
479 2440 633 2526 διοικήσει
653 2443 691 2504 τδ
714 2442 954 2525 στρατιωτικὸν.
1031 2445 1132 2522 βανεν
1151 2443 1185 2505 ἐκ
1205 2445 1264 2504 τοῦ
1282 2442 1441 2525 δημοσίου
1464 2448 1613 2523 ταμιείου

1029 2542 1117 2622 χίλια
1164 2541 1312 2605 τάλαντα
1352 2543 1430 2606 καθ’
1474 2545 1614 2608 ύιαστον

1031 2642 1188 2704 ἐνιαυτόν.

404 2747 436 2812 οἱ
469 2749 508 2811 δὲ
543 2753 705 2829 Καίσαρος
742 2749 830 2831 φίλοι
862 2746 985 2831 ταύτην
1033 2749 1068 2811 ἐκ
1114 2747 1231 2811 τούτου
1273 2753 1403 2831 Καίσαρ
1450 2749 1615 2814 ὑπατείαν

402 2847 506 2936 α’ρχην
550 2845 708 2930 λαβόντες
752 2848 866 2934 η’ξιόυν
910 2850 984 2911 τινοί
1033 2848 1156 2928 ἐμνᾶτο
1206 2856 1349 2930 πέμπων
1396 2851 1451 2912 καὶ
1496 2849 1615 2933 χρόνον

403 2952 560 3031 γενέσθαι
579 2949 633 3010 καὶ
651 2953 814 3030 Καίσαρος
839 2946 934 3028 λόγον
955 2995 982 3012 ..
1034 2947 1150 3029 ὁμοίως
1197 2952 1263 3012 τῶν
1307 2949 1399 3013 ἰδίων
1440 2952 1614 3032 ἐπαρχιῶν.

403 3047 487 3131 ὑπὲρ
523 3050 579 3132 τῆς
615 3047 786 3130 ἡγεμονίας
825 3048 982 3114 consulem
1035 3048 1199 3112 Consulem
1224 3049 1387 3114 Caesarem
1412 3049 1478 3114 fieri
1502 3051 1614 3114 adver·

404 3167 473 3214 eum
495 3147 560 3213 fieri
582 3148 661 3214 Cato
684 3147 790 3212 multis
812 3147 983 3211 assentien·
1033 3148 1106 3212 sarii
1130 3155 1302 3214 vetuerunt.

404 3249 487 3313 tibus
509 3248 618 3312 vetuit.

403 3364 507 3446 Pomp.
542 3363 665 3430 dicebat
699 3364 863 3431 Caesarem
904 3366 982 3429 velie
1032 3372 1074 3430 II.
1098 3367 1260 3448 ἔπραττεν
1280 3365 1524 3451 α’ποδειχθῆναι
1542 3365 1613 3429 διά-

401 3465 514 3545 λαβεϊν
533 3462 687 3543 διάδοχον
706 3465 760 3528 καὶ
780 3464 982 3529 παύσασθαι
1031 3465 1128 3546 δοχον
1157 3471 1298 3546 Καίσαρι
1326 3467 1382 3550 τῆς
1409 3465 1525 3548 οίρχῆς,
1557 3467 1612 3529 καὶ

401 3566 457 3644 τῆς
477 3569 706 3644 στρατείας...
727 3566 861 3654 ἔπεμψε
875 3565 913 3627 δὲ
927 3566 981 3628 καὶ
1031 3574 1173 3648 πέμπων
1199 3563 1321 3648 α’πῄτει
1352 3563 1427 3638 τούς
1457 3562 1613 3648 στρατιώ-

400 3663 459 3736 τας
481 3662 634 3744 δυνάμεις
655 3663 816 3744 α’παιτῶν,
838 3663 876 3738 ἃς
893 3667 981 3747 ἔχρη·
1029 3689 1087 3738 τας
1116 3661 1169 3738 οὓς
1195 3666 1330 3747 ἔχρησεν
1359 3662 1451 3745 αύτῷ
1473 3713 1479 3728 .
1499 3714 1506 3728 .
1525 3713 1532 3728 .
1554 3663 1611 3727 ύδὲ

402 3780 460 3827 σεν
488 3763 579 3844 αὐτῷ
699 3764 716 3826 ὁ
743 3764 781 3826 δὲ
899 3765 980 3827 α’πέ-
1029 3766 1227 3844 α’ποπέμπει
1268 3763 1499 3847 δωρησάμενος
1542 3764 1611 3828 ἔκα-

402 3876 519 3952 πεμφε
541 3863 644 3937 καλῶς
660 3863 897 3946 δωρησάμενος.
1031 3884 1110 3929 στον
1129 3859 1245 3947 ἄνδρα.

484 3987 594 4070 Pomp.
613 3993 654 4054 57
679 3990 767 4054 Caes.
786 3994 830 4054 29
857 3989 987 4065 milites,
1016 3990 1069 4070 qui
1098 3995 1311 4067 reverterant,
1342 3994 1442 4052 totum
1465 3988 1609 4054 Caesaris

401 4088 569 4152 exercitum
591 4090 722 4153 maxime
745 4088 890 4169 Pompeio
912 4088 1047 4152 deditum
1070 4107 1139 4152 esse
1161 4088 1307 4153 dicebant
1330 4089 1438 4152 timore
1456 4087 1609 4168 Caesaris,

401 4205 464 4251 nen
499 4205 604 4251 amore
636 4187 805 4269 impletum.
862 4188 931 4265 Qua
965 4207 998 4250 re
1028 4188 1192 4269 Pompeius
1224 4187 1325 4252 fretus
1364 4187 1437 4252 nihil
1470 4187 1535 4266 egit
1568 4187 1608 4250 ad

325 4359 329 4368 ,
401 4286 571 4369 periculum
592 4287 754 4352 imminens
773 4286 1028 4370 propulsandum.
