3452 5036
973 429 1013 494 30

468 607 584 672 Eadem
608 609 706 687 igitur
727 607 866 674 referunt
887 607 995 672 eodem
1018 607 1126 672 ordine
1148 608 1263 674 eisdem
1288 627 1381 691 saepe
1404 611 1516 676 verbis.
1559 612 1599 678 cl.

385 709 449 774 Dio
470 715 555 785 37‚7
578 709 767 792 Σνμφόριον
788 712 894 788 τεῖχος
916 715 1131 791 Στρατονίκης
1152 708 1183 772 οἱ
1204 709 1389 795 προδούσης
1410 712 1537 794 ἔλαβεν.

467 812 587 891 Syriam
611 811 735 890 subegit
753 811 910 886 Romanis,
932 810 1004 872 item
1029 809 1149 874 Arabes
1189 813 1272 876 Plut.
1297 814 1346 878 39.
1382 815 1459 894 App.
1486 815 1555 878 113.

465 913 612 991 Romani,
642 928 711 974 cum
735 909 946 974 Mithridatem
975 916 1131 974 mortuum
1165 929 1233 976 esse
1262 913 1499 993 copperissent,
1530 914 1599 978 dies

321 1099 324 1107 Ι
383 1013 586 1078 celebrabant
606 1010 718 1075 festos:

384 1115 468 1180 Prot.
489 1118 550 1178 42:
583 1111 624 1186 ὥς
645 1163 651 1176 .
673 1160 680 1175 .
702 1116 825 1193 μορίων
847 1115 965 1195 tedon-
1013 1111 1097 1194 App.
1113 1113 1191 1174 113:
1212 1109 1254 1183 ὥς
1275 1111 1399 1194 ἐχθροῦ
1421 1113 1599 1195 δυσχεροῦς

381 1214 486 1279 κότον
507 1212 686 1293 πολεμίων.
1012 1208 1264 1292 ἀπηλλαγμένοι.

466 1330 584 1410 Quibus
615 1329 690 1394 locis
720 1327 909 1408 comparatis
939 1325 1122 1391 concludere
1152 1327 1224 1392 licet
1256 1347 1349 1394 uuum
1378 1328 1474 1394 luisse
1497 1331 1595 1412 Appi-

381 1432 434 1496 ani
456 1438 489 1495 ot
506 1428 663 1494 Plutarchi
687 1432 856 1504 auctorem,
880 1425 919 1490 de
939 1444 998 1505 quo
1020 1427 1183 1490 materiam
1208 1427 1291 1492 illam
1312 1432 1345 1491 et
1366 1431 1480 1510 partim
1497 1433 1594 1494 verba

382 1531 620 1611 desumpserint.
663 1526 737 1591 lude
758 1533 874 1601 autem,
896 1525 977 1606 quod
1000 1526 1102 1592 verbis
1126 1527 1251 1606 saepius
1272 1530 1488 1610 consentiunt,
1511 1531 1594 1595 coni-

380 1649 449 1696 cere
472 1631 543 1694 licet
565 1641 723 1724 auctorem
744 1626 830 1690 illum
853 1625 947 1689 luisse
968 1643 1124 1705 graecum.

461 1737 591 1817 Propria
613 1751 735 1817 quoque
757 1751 813 1798 sua
836 1732 965 1815 quisque
987 1732 1127 1812 praebet.
1171 1732 1366 1800 Plutarchus
1396 1736 1476 1798 enim
1507 1736 1592 1800 solus

378 1858 414 1903 ea
436 1838 619 1918 plerumque
642 1833 751 1910 habet,
793 1851 874 1914 quae
897 1848 957 1896 uon
989 1838 1053 1894 tam
1091 1832 1130 1894 ad
1161 1831 1245 1896 bella
1275 1851 1369 1916 quam
1399 1835 1440 1899 ad
1471 1835 1592 1900 civilem

378 1941 527 2019 virorum,
559 1937 597 1999 de
621 1935 734 2015 quibus
757 1934 848 2010 dicit,
878 1932 973 1996 vitam
996 1932 1164 2013 pertinent.
1211 1933 1366 1998 Memorat
1388 1937 1467 1998 euim
1491 1937 1593 2015 legem

380 2040 555 2117 Maniliam‚
591 2037 628 2100 de
655 2033 856 2118 Hypsicratia
882 2032 974 2112 dicit,
1001 2031 1201 2115 ,Mithridatis
1234 2033 1379 2112 coniuge,-
1416 2053 1494 2115 quae
1523 2053 1592 2100 curn

378 2143 490 2205 marito
519 2139 638 2204 cladem
667 2135 791 2216 effugit,
825 2134 865 2198 de
894 2132 1092 2197 Stratonicae
1116 2150 1229 2210 genere
1253 2135 1292 2209 (c.
1316 2137 1386 2214 36),
1416 2135 1453 2198 de
1475 2135 1592 2199 litteris

379 2239 572 2306 Mithridatis
608 2239 640 2303 iu
668 2235 796 2302 castello
825 2253 844 2298 a
871 2232 1045 2298 Stratonice
1073 2232 1191 2295 tradito
1221 2233 1354 2313 repertis
1383 2233 1420 2315 (c.
1446 2236 1513 2313 37),
1551 2235 1593 2299 de

377 2341 546 2420 Demetrio,
570 2337 694 2417 Pompei
717 2323 862 2400 familiari
886 2331 923 2413 (c.
942 2333 1004 2411 40),
1029 2331 1067 2396 de
1092 2332 1183 2396 rebus
1205 2333 1350 2414 pretiosis
1373 2334 1592 2416 araptoribus

377 2445 416 2509 de
437 2457 567 2524 corpore
591 2438 674 2516 regis
697 2435 810 2499 mortui
833 2433 948 2496 ablatis
971 2431 1009 2513 (c.
1032 2433 1095 2512 42).
1147 2431 1265 2496 Narrat
1288 2433 1382 2498 etiam
1405 2434 1589 2516 Pompeium

376 2544 591 2623 Asiaepartes
611 2537 762 2614 divisisse,
785 2535 966 2616 priusquam
991 2531 1189 2611 debellasset,
1211 2533 1336 2614 idquod
1351 2535 1592 2600 antealmcullo

376 2660 501 2724 quoque
521 2638 688 2721 opprobrio
710 2637 821 2700 datum
843 2640 921 2698 erat.

459 2741 633 2822 Appianas
660 2755 732 2800 vero
759 2735 797 2799 de
822 2732 983 2798 Dioscuris
1011 2731 1087 2794 dicit
1118 2730 1247 2811 oppido,
1273 2731 1304 2795 in
1327 2750 1390 2815 quo
1412 2731 1592 2796 hibernavit

377 2841 576 2906 Mithridates
602 2843 676 2914 101,
706 2836 745 2899 de
774 2832 905 2898 Achaeis
931 2829 1101 2912 Scythicis,
1139 2846 1215 2909 quos
1246 2830 1276 2892 in
1310 2831 1420 2894 itinere
1449 2832 1591 2896 visitavit

375 2961 430 3006 rex
460 2945 533 3019 102,
562 2939 601 3003 de
630 2937 721 3016 rivis,
752 2934 804 3016 qui
824 2951 879 3014 per
906 2938 1022 2995 terram
1053 2947 1156 2993 eorum
1185 2928 1317 2993 fluentes
1345 2947 1454 2994 aurum
1486 2947 1589 2994 secum

376 3042 495 3106 ducunt
517 3045 548 3102 et
571 3038 610 3102 de
631 3037 754 3100 ratione
778 3034 843 3098 eius
859 3029 1020 3110 colligendi
1037 3030 1105 3093 103.
1148 3027 1239 3092 Solus
1257 3029 1369 3094 deinde
1384 3027 1462 3094 falso
1479 3036 1591 3094 narrat

376 3143 540 3222 Tigranem
573 3135 768 3202 interiectum
801 3150 869 3197 esse
898 3131 1012 3194 Rornae
1041 3134 1114 3209 post
1143 3127 1331 3210 triumphum
1366 3135 1525 3210 peractum
1556 3136 1590 3192 et

375 3241 553 3306 accuratius
578 3237 652 3300 dicit
679 3235 718 3298 de
745 3232 838 3297 terris
869 3249 887 3294 a
910 3229 1056 3310 Pompeio
1086 3227 1221 3292 subactis
1244 3233 1278 3291 et
1298 3228 1454 3292 institutis
1463 3253 1470 3312 3
1506 3246 1588 3292 unus

376 3341 511 3420 denique
529 3337 619 3402 docet
629 3334 841 3400 Mithridatem
861 3350 878 3394 a
895 3329 1039 3411 Pompeio
1056 3346 1161 3410 pacem
1180 3328 1327 3405 petivisse
1346 3346 1382 3391 ca
1400 3327 1587 3405 conditione,

377 3447 412 3504 ut
431 3445 529 3504 totum
542 3437 604 3501 'sibi
621 3452 751 3515 regnum
773 3432 965 3509 redderetur,
987 3429 1053 3508 ipse
1075 3435 1179 3494 autem
1201 3427 1353 3492 tributum
1372 3428 1510 3492 solveret
1524 3427 1587 3490 Ro-

376 3539 477 3604 manis
502 3538 570 3602 107.

941 3761 943 3766 ·
955 3734 1008 3800 Vl.

425 3866 732 3932 Triumviratus
753 3869 790 3926 et
813 3868 997 3945 tempora
1019 3875 1144 3938 usque
1166 3856 1210 3920 ad
1234 3854 1384 3920 bellum
1408 3853 1537 3918 civile.

894 3978 919 4025 c.
939 3959 1074 4026 44-57.
1316 3983 1318 3988 v

458 4107 528 4186 Qua
554 4105 585 4169 in
617 4105 718 4187 operis
745 4111 835 4189 parte
864 4103 1032 4168 tractanda
1061 4101 1135 4185 quia
1162 4097 1319 4181 permulta
1355 4095 1412 4159 hoc
1441 4095 1509 4160 loco
1535 4093 1586 4158 de·

378 4209 495 4290 scripta
516 4207 548 4270 iu
564 4205 708 4272 Caesaris
730 4223 854 4290 quoque
875 4205 941 4269 vita
964 4202 1083 4268 tradita
1105 4205 1188 4277 sunt,
1212 4195 1341 4275 singulis
1361 4194 1441 4259 hanc
1464 4211 1585 4274 quoque

377 4309 472 4374 vitam
496 4307 570 4372 locis
593 4305 791 4370 adhibeamus
813 4323 938 4369 necesse
962 4309 1020 4368 est.
