3452 5036
976 400 1018 464 42

388 574 686 648 Λούκουλλος...
713 575 789 657 περὶ
810 576 870 639 τδν
889 577 972 640 Ῥυν-
1023 565 1071 650 οἷς
1100 576 1120 638 o‘
1148 573 1352 648 Λούκουλλος
1389 577 1514 655 περῶσι
1550 575 1611 636 eda·

390 675 491 738 doado
514 673 666 756 ποταμὸν
686 673 881 755 καταλαβών
903 726 910 740 .
936 727 942 739 .
964 725 971 741 .
1017 674 1193 738 Ῥώνδακον
1208 673 1378 738 ἐπιπεσών
1395 675 1515 736 ἔκτεινε
1529 675 1609 736 πολ-

389 774 520 838 πολλῶν
529 771 864 840 δ’...ιίποθανόιπιου
874 774 972 838 ἑάλω·
1021 774 1113 856 λοδς,
1148 775 1203 837 καὶ
1234 772 1457 855 αἰχμαλώτους
1490 772 1610 854 ἔλαβεν

393 890 456 937 σαν
483 870 582 935 ἵπποι
608 875 670 953 μὲν
693 870 900 951 ἑξακισχίλιοι
920 875 974 936 καὶ
1022 869 1146 955 ἄνδρας
1158 877 1219 953 μὲν
1233 875 1265 947 ἐς
1277 879 1408 956 μυρίους
1420 872 1474 935 καὶ
1486 895 1610 934 πεντα-

280 1053 284 1068 ,
388 969 519 1053 πλῆθος
536 1019 543 1035 .
563 970 775 1054 ,δποζυχίιοιη
797 968 915 1053 ἄνδρες
936 973 974 1036 δὲ
1021 972 1211 1053 κισχιλίους,
1250 971 1371 1047 ἵππους
1408 973 1437 1035 δ’
1468 973 1499 1044 ἐς
1534 970 1610 1048 ἑξα-

390 1067 499 1151 μιίριοι
521 1070 786 1151 πεντακισχίλιοι.
1021 1073 1202 1153 κισχιλιόυς,
1219 1071 1273 1135 καὶ
1288 1071 1475 1156 σκευοφόρα
1488 1073 1611 1137 πολλοὶ.

264 1205 268 1212 ·
390 1171 449 1234 12.·
489 1170 566 1252 περὶ
604 1167 663 1234 adr
693 1170 824 1251 Ἀχαιῶν
859 1171 974 1253 λιμένα
1021 1169 1063 1238 77
1071 1197 1081 1237 .·
1122 1173 1198 1256 περὶ
1234 1173 1292 1236 τὸν
1324 1173 1457 1253 Ἀχαιών
1491 1172 1611 1254 λιμένα

388 1268 599 1349 τρισκαίδεκα
616 1267 785 1357 πεντήρεις
804 1321 811 1335 .
830 1319 836 1332 .
855 1261 945 1337 εἷλε.
964 1321 971 1336 .
1020 1272 1231 1353 τρισκαίδεκα
1253 1276 1331 1346 ναῦς
1351 1261 1418 1336 εἷλε
1440 1322 1447 1336 .
1469 1321 1477 1336 .

394 1392 505 1458 deiude
527 1398 649 1458 ceteros
670 1394 865 1460 Mithridatis
888 1395 981 1460 duces
1004 1396 1103 1460 victos
1126 1396 1216 1478 cepit.

394 1519 451 1581 15:
494 1525 663 1601 γενομένης
703 1517 733 1580 δ’
769 1517 974 1600 ἱππομαχίας
1021 1521 1081 1584 79:
1101 1526 1271 1600 γενομένης
1288 1517 1317 1579 δ’
1330 1503 1609 1600 ...λππομαχιάς

391 1618 511 1703 ἔφυχον
532 1615 563 1680 oi
581 1617 737 1699 Ῥωμαῖοι.
777 1617 974 1702 Πομπώνιος
1022 1617 1198 1702 ἡττώμενος
1225 1616 1288 1699 (L.)
1322 1665 1329 1681 .
1355 1667 1363 1682 .
1393 1615 1449 1682 ,δ
1481 1619 1519 1681 δὲ
1551 1618 1610 1682 ἵπ-

389 1717 419 1779 δ’
435 1717 520 1804 α’νήρ
542 1717 598 1781 οὐκ
620 1713 741 1793 ι’ίδοξος
757 1717 842 1782 ἑοίλιο
858 1741 973 1801 τετρω-
1022 1741 1146 1801 παρχος
1187 1717 1293 1782 αιίτοῦ
1333 1716 1532 1796 Πομπώνιος
1575 1723 1611 1794 ἐς

390 1824 486 1897 μένος
507 1866 513 1880 .
537 1864 544 1880 .
567 1817 650 1899 πρδς
678 1817 736 1880 τδν
758 1819 974 1902 Μιθριδάτην
1022 1818 1240 1902 Μιθριδάτην
1249 1826 1448 1900 τετρωμένος
1459 1817 1608 1904 α’νήχθη·

389 1914 523 2001 α’νήχθη
553 1964 560 1979 .
591 1969 597 1982 .
627 1923 821 2000 πυθομένου
850 1919 888 1981 δὲ
916 1922 974 1982 τοῦ
1022 1920 1075 1981 καὶ
1118 1923 1299 2000 πυθομένῳ
1337 1919 1470 2000 βασιλεῖ
1475 1967 1484 1998 ,
1529 1924 1610 1982 τίνα

390 2015 564 2099 βασιλέως,
596 2016 627 2080 εί
647 2019 769 2092 σωθεὶς
791 2020 847 2081 ὑπ’
871 2018 974 2082 αὐτοῦ
1021 2023 1118 2100 χοίριν
1160 2016 1191 2081 oi
1229 2019 1429 2100 περισωθεὶς
1471 2017 1609 2082 δύναιτο

390 2114 560 2200 γενήσεται
589 2117 696 2201 φίλος,
738 2114 799 2182 »do
833 2144 868 2202 ys
900 2118 973 2204 δήι,
1021 2119 1217 2181 α’ποδοῦναι·
1265 2117 1314 2181 »εἰ
1331 2123 1423 2200 μένα,
1447 2121 1517 2202 ἔφη,
1543 2120 1611 2183 »σύ

391 2218 471 2299 ἔφη,
504 2217 684 2299 »Ῥωμαίοις
711 2218 894 2305 διαλλαγῇς·
945 2219 975 2285 εί
1023 2218 1115 2302 φίλος
1142 2227 1244 2298 χένοιο
1270 2217 1482 2300 Λουκούλλῳ,
1512 2218 1609 2282 πάνυ

392 2317 430 2379 δὲ
448 2315 503 2402 μή,
527 2317 706 2397 πολέμιοςι
1021 2317 1145 2381 πολλοῦ
1185 2318 1299 2395 α’ξίαν·
1354 2317 1385 2382 εί
1420 2319 1449 2382 δ’
1484 2319 1609 2400 ε’χθρδς

963 2473 967 2484 .
1021 2418 1096 2502 εἴης,
1118 2418 1195 2482 οὐδὲ
1213 2418 1433 2502 βουλεύσομαι
1456 2472 1462 2484 .
1486 2471 1519 2484 ..
1584 2419 1588 2424 ’

392 2517 453 2563 nou
476 2517 545 2564 oum
569 2499 660 2566 laesit·
682 2499 890 2566 Mithridates,

475 2618 594 2684 Eadem
617 2619 728 2683 deiude
751 2619 857 2683 dicunt
879 2618 916 2682 de
938 2617 1069 2683 Olthaco
1092 2618 1183 2701 (App.
1207 2618 1349 2700 Olcaba),
1378 2620 1431 2701 qui
1454 2638 1520 2683 cum
1542 2620 1604 2683 iam

391 2718 421 2780 iu
443 2736 480 2782 eo
504 2725 598 2799 esset,
621 2729 656 2784 ut
678 2719 839 2784 Lucullum
861 2717 1057 2797 interficeret,
1084 2737 1102 2782 a
1126 2719 1262 2783 tentorio
1286 2717 1522 2799 propelleretur.

473 2834 589 2899 Eadem
624 2855 747 2920 quoque
781 2842 912 2900 narrant
945 2836 1062 2900 eisdem
1096 2836 1162 2900 fero
1186 2836 1289 2900 verbis
1319 2835 1357 2899 de
1387 2833 1501 2915 Sinope
1525 2834 1603 2898 urhe

391 2940 482 3017 captu
506 2937 597 3000 etde
619 2937 737 3002 somnio
759 2955 778 3000 a
797 2937 921 3001 Lucullo
943 2937 1007 3000 viso
1026 2935 1110 3001 Plut.
1130 2937 1169 3000 23
1193 2937 1273 3015 App.
1293 2938 1343 3010 83,
1365 2933 1416 2998 alii
1439 2940 1602 3014 praeterea

388 3035 514 3116 plurimi
535 3037 566 3100 in
587 3037 652 3100 vita
664 3036 784 3101 Luculli
805 3038 864 3101 luci
885 3044 1011 3101 exstant
1022 3036 1155 3117 Appiani
1177 3035 1251 3100 locis
1275 3031 1431 3096 simillimi.
1476 3033 1542 3110 Qua
1564 3053 1601 3096 ex

389 3137 620 3217 comparatione
641 3137 752 3215 elucet,
774 3156 833 3202 uno
862 3137 1031 3218 eodemque
1052 3136 1139 3200 fonte
1160 3140 1192 3199 et
1210 3131 1412 3197 Plutarchum
1431 3139 1460 3195 et
1486 3129 1602 3211 Appia-

387 3253 460 3298 num
478 3253 549 3300 usos
571 3253 649 3301 esse.

471 3354 536 3432 Age
566 3372 645 3420 nunc
672 3356 815 3437 quisnam
843 3355 937 3420 fuisse
968 3353 1112 3419 videatur
1134 3352 1266 3432 scriptor
1287 3347 1339 3412 ille
1360 3364 1505 3428 graecus,
1538 3363 1601 3427 quo

390 3452 549 3534 Appiauus
572 3460 604 3519 et
625 3453 812 3520 Plutarchus
835 3455 883 3520 usi
903 3456 975 3534 sint,
997 3453 1168 3518 videamus,

472 3577 533 3643 Sed
555 3579 734 3659 priusquam
767 3580 805 3643 ad
836 3580 918 3660 ipsos
941 3584 1085 3643 auctores
1106 3595 1125 3640 a
1145 3569 1313 3638 Plutarcho
1336 3570 1450 3634 citatos
1474 3584 1602 3632 accura-

389 3675 451 3739 tius
481 3676 689 3758 iuspiciendos
711 3679 903 3761 accedamus
933 3678 1070 3742 breviter
1092 3675 1180 3741 nobis
1203 3668 1442 3737 describendum
1465 3667 1601 3747 videtur,

390 3791 471 3854 quae
499 3795 536 3840 ex
566 3777 777 3859 disputatione
807 3785 915 3843 nostra
947 3777 986 3842 ad
1014 3776 1130 3841 fontem
1160 3767 1484 3838 illum.illusrrandum
1506 3784 1601 3845 argu-

388 3879 492 3936 menta
513 3879 544 3937 et
563 3877 701 3942 rationes
724 3878 832 3943 deduci
853 3878 954 3943 liceat.
997 3879 1041 3941 Ac
1070 3877 1108 3940 de
1138 3870 1330 3953 temporibus
1354 3866 1489 3949 quidem,
1520 3882 1600 3946 quae

389 3971 524 4052 scriptor
553 3974 604 4039 ille
632 3978 798 4058 tractavit,
822 3979 884 4042 iam
906 3997 1000 4060 supra
1025 3977 1165 4041 diximus
1211 3967 1471 4034 Verisimillimum
1496 3973 1599 4030 autem

391 4076 440 4136 est
457 4090 527 4137 eum
555 4072 660 4140 Sullae
688 4076 805 4144 bollum
836 4078 924 4142 civile
955 4082 1125 4142 extremum
1151 4080 1206 4139 aut
1235 4087 1315 4152 quae
1335 4067 1367 4133 id
1390 4066 1506 4130 bellum
1528 4064 1600 4130 sub-

389 4177 562 4250 sequuntur
591 4191 650 4254 rea,
680 4181 718 4239 ut
746 4176 805 4242 loci
836 4196 872 4241 ex
902 4179 966 4240 vita
993 4176 1124 4242 Sertorii
1154 4179 1186 4238 et
1208 4168 1330 4236 Luculli
1348 4172 1380 4231 et
1402 4177 1525 4258 Ροιῃρθῑ
1548 4194 1598 4239 ar.

389 4270 493 4336 cessiti
519 4271 734 4341 demonstrare
763 4277 919 4356 videntur,
938 4277 1102 4341 tradidisse
1120 4283 1152 4340 et
1175 4279 1430 4360 temporumque
1452 4276 1492 4341 ad
1515 4272 1598 4340 bella
