<?xml version="1.0" encoding="UTF-8"?>
<!DOCTYPE html PUBLIC "-//W3C//DTD XHTML 1.0 Transitional//EN"
    "http://www.w3.org/TR/xhtml1/DTD/xhtml1-transitional.dtd">
<html xmlns="http://www.w3.org/1999/xhtml" xml:lang="en" lang="en">
 <head>
  <title>
</title>
<meta http-equiv="Content-Type" content="text/html;charset=utf-8" />
  <meta name='ocr-system' content='tesseract 3.04.00' />
  <meta name='ocr-capabilities' content='ocr_page ocr_carea ocr_par ocr_line ocrx_word'/>
</head>
<body>
  <div class='ocr_page' id='page_1' title='image "./quaestionesplut00vogegoog_0031.png"; bbox 0 0 3452 5036; ppageno 0'>
   <div class='ocr_carea' id='block_1_1' title="bbox 932 348 991 443">
    <p class='ocr_par' dir='ltr' id='par_1_1' title="bbox 932 348 991 443">
     <span class='ocr_line' id='line_1_1' title="bbox 932 348 991 443; baseline -0.034 -31"><span class='ocrx_word' id='word_1_1' title='bbox 932 348 991 443; x_wconf 73' lang='lat' dir='ltr'>aa</span> 
     </span>
    </p>
   </div>
   <div class='ocr_carea' id='block_1_2' title="bbox 311 526 1590 1808">
    <p class='ocr_par' dir='ltr' id='par_1_2' title="bbox 311 526 1590 1808">
     <span class='ocr_line' id='line_1_2' title="bbox 443 526 1579 612; baseline 0.003 -18"><span class='ocrx_word' id='word_1_2' title='bbox 443 526 608 594; x_wconf 51' lang='lat' dir='ltr'>¹Sertorius</span> <span class='ocrx_word' id='word_1_3' title='bbox 629 526 660 591; x_wconf 90' lang='lat' dir='ltr'>in</span> <span class='ocrx_word' id='word_1_4' title='bbox 689 527 791 602; x_wconf 83' lang='lat' dir='ltr'>odium</span> <span class='ocrx_word' id='word_1_5' title='bbox 815 527 899 591; x_wconf 88' lang='lat' dir='ltr'>venit</span> <span class='ocrx_word' id='word_1_6' title='bbox 920 527 1147 612; x_wconf 84' lang='lat' dir='ltr'><strong>Hispanorum,</strong></span> <span class='ocrx_word' id='word_1_7' title='bbox 1177 530 1263 596; x_wconf 92' lang='lat' dir='ltr'>multi</span> <span class='ocrx_word' id='word_1_8' title='bbox 1286 533 1324 595; x_wconf 90' lang='lat' dir='ltr'>ad</span> <span class='ocrx_word' id='word_1_9' title='bbox 1352 533 1457 596; x_wconf 87' lang='lat' dir='ltr'>hostes</span> <span class='ocrx_word' id='word_1_10' title='bbox 1482 534 1579 598; x_wconf 78' lang='lat' dir='ltr'>‹tesci-</span> 
     </span>
     <span class='ocr_line' id='line_1_3' title="bbox 369 631 1086 711; baseline 0.003 -21"><span class='ocrx_word' id='word_1_11' title='bbox 369 631 499 690; x_wconf 88' lang='lat' dir='ltr'>verunt:</span> <span class='ocrx_word' id='word_1_12' title='bbox 1006 687 1009 696; x_wconf 90' lang='grc'><strong>,</strong></span> <span class='ocrx_word' id='word_1_13' title='bbox 1081 707 1086 711; x_wconf 35' lang='grc'><strong>,</strong></span> 
     </span>
     <span class='ocr_line' id='line_1_4' title="bbox 369 725 1578 820; baseline 0.004 -30"><span class='ocrx_word' id='word_1_14' title='bbox 369 727 454 792; x_wconf 82' lang='grc' dir='ltr'><strong><em>Ρίιιί.</em></strong></span> <span class='ocrx_word' id='word_1_15' title='bbox 477 725 557 792; x_wconf 81' lang='lat' dir='ltr'>Sert.</span> <span class='ocrx_word' id='word_1_16' title='bbox 576 729 638 791; x_wconf 80' lang='lat'>25:</span> <span class='ocrx_word' id='word_1_17' title='bbox 676 726 888 805; x_wconf 70' lang='grc' dir='ltr'><strong><em>ἐλυμαίνοντο</em></strong></span> <span class='ocrx_word' id='word_1_18' title='bbox 910 774 917 789; x_wconf 95' lang='grc'><strong>.</strong></span> <span class='ocrx_word' id='word_1_19' title='bbox 942 778 949 792; x_wconf 91' lang='grc'><strong>.</strong></span> <span class='ocrx_word' id='word_1_20' title='bbox 998 729 1084 810; x_wconf 82' lang='lat' dir='ltr'>App.</span> <span class='ocrx_word' id='word_1_21' title='bbox 1104 733 1163 794; x_wconf 87' lang='grc'>111</span> <span class='ocrx_word' id='word_1_22' title='bbox 1173 753 1187 820; x_wconf 77' lang='lat'>².</span> <span class='ocrx_word' id='word_1_23' title='bbox 1204 730 1394 811; x_wconf 75' lang='grc' dir='ltr'><strong><em>ἐλυμαίνετο</em></strong></span> <span class='ocrx_word' id='word_1_24' title='bbox 1417 782 1424 796; x_wconf 93' lang='grc'><strong>.</strong></span> <span class='ocrx_word' id='word_1_25' title='bbox 1448 783 1454 796; x_wconf 95' lang='grc'><strong>.</strong></span> <span class='ocrx_word' id='word_1_26' title='bbox 1480 782 1486 796; x_wconf 93' lang='grc'><strong>.</strong></span> <span class='ocrx_word' id='word_1_27' title='bbox 1509 732 1578 795; x_wconf 81' lang='grc' dir='ltr'><strong><em>ἐνό-</em></strong></span> 
     </span>
     <span class='ocr_line' id='line_1_5' title="bbox 368 825 1447 915; baseline 0.006 -27"><span class='ocrx_word' id='word_1_28' title='bbox 368 825 504 889; x_wconf 79' lang='grc' dir='ltr'><strong><em>ἐκυίκουν</em></strong></span> <span class='ocrx_word' id='word_1_29' title='bbox 535 825 721 904; x_wconf 79' lang='grc' dir='ltr'><strong><em>κολάζοντες</em></strong></span> <span class='ocrx_word' id='word_1_30' title='bbox 749 831 869 910; x_wconf 79' lang='grc' dir='ltr'><strong><em>πικρῶς</em></strong></span> <span class='ocrx_word' id='word_1_31' title='bbox 895 829 950 891; x_wconf 83' lang='grc' dir='ltr'>καὶ</span> <span class='ocrx_word' id='word_1_32' title='bbox 997 831 1105 915; x_wconf 80' lang='grc' dir='ltr'><strong><em>βριζον</em></strong></span> <span class='ocrx_word' id='word_1_33' title='bbox 1127 827 1168 902; x_wconf 77' lang='grc' dir='ltr'>τός</span> <span class='ocrx_word' id='word_1_34' title='bbox 1187 829 1447 912; x_wconf 72' lang='grc' dir='ltr'><strong><em>ἀπιστουμένοις.</em></strong></span> 
     </span>
     <span class='ocr_line' id='line_1_6' title="bbox 367 918 1406 1009; baseline -0.001 -20"><span class='ocrx_word' id='word_1_35' title='bbox 367 918 652 1009; x_wconf 76' lang='grc' dir='ltr'><strong><em>δασμολογοῦντες.</em></strong></span> <span class='ocrx_word' id='word_1_36' title='bbox 1270 997 1272 1004; x_wconf 19' lang='lat' dir='ltr'>y</span> <span class='ocrx_word' id='word_1_37' title='bbox 1404 1005 1406 1008; x_wconf 22' lang='grc' dir='ltr'>Ι</span> 
     </span>
     <span class='ocr_line' id='line_1_7' title="bbox 367 1025 1578 1110; baseline 0.005 -22"><span class='ocrx_word' id='word_1_38' title='bbox 367 1025 484 1091; x_wconf 86' lang='lat' dir='ltr'>Eodem</span> <span class='ocrx_word' id='word_1_39' title='bbox 501 1026 593 1090; x_wconf 89' lang='lat' dir='ltr'>modo</span> <span class='ocrx_word' id='word_1_40' title='bbox 614 1063 652 1072; x_wconf 96' lang='lat'><em>-</em></span> <span class='ocrx_word' id='word_1_41' title='bbox 671 1044 764 1108; x_wconf 84' lang='lat' dir='ltr'>saepe</span> <span class='ocrx_word' id='word_1_42' title='bbox 780 1027 896 1091; x_wconf 91' lang='lat' dir='ltr'>eisdem</span> <span class='ocrx_word' id='word_1_43' title='bbox 913 1025 1016 1092; x_wconf 87' lang='lat' dir='ltr'>verbis</span> <span class='ocrx_word' id='word_1_44' title='bbox 1034 1064 1070 1072; x_wconf 91' lang='lat'><em>-</em></span> <span class='ocrx_word' id='word_1_45' title='bbox 1089 1036 1230 1107; x_wconf 89' lang='lat' dir='ltr'>narrant,</span> <span class='ocrx_word' id='word_1_46' title='bbox 1248 1030 1406 1110; x_wconf 89' lang='lat' dir='ltr'>quomodo</span> <span class='ocrx_word' id='word_1_47' title='bbox 1422 1031 1578 1095; x_wconf 86' lang='lat' dir='ltr'>Sertorius</span> 
     </span>
     <span class='ocr_line' id='line_1_8' title="bbox 319 1126 823 1191; baseline 0.002 -2"><span class='ocrx_word' id='word_1_48' title='bbox 319 1135 321 1146; x_wconf 82' lang='grc'>’</span> <span class='ocrx_word' id='word_1_49' title='bbox 368 1127 397 1190; x_wconf 93' lang='lat' dir='ltr'>in</span> <span class='ocrx_word' id='word_1_50' title='bbox 420 1126 524 1191; x_wconf 91' lang='lat' dir='ltr'>odium</span> <span class='ocrx_word' id='word_1_51' title='bbox 547 1126 668 1191; x_wconf 91' lang='lat' dir='ltr'>venerit</span> <span class='ocrx_word' id='word_1_52' title='bbox 687 1145 823 1191; x_wconf 92' lang='lat' dir='ltr'>suorum.</span> 
     </span>
     <span class='ocr_line' id='line_1_9' title="bbox 327 1225 1577 1310; baseline 0.002 -21"><span class='ocrx_word' id='word_1_53' title='bbox 327 1297 330 1303; x_wconf 58' lang='grc'>,</span> <span class='ocrx_word' id='word_1_54' title='bbox 449 1225 611 1307; x_wconf 72' lang='lat' dir='ltr'>appianus</span> <span class='ocrx_word' id='word_1_55' title='bbox 640 1226 764 1306; x_wconf 90' lang='lat' dir='ltr'>quidem</span> <span class='ocrx_word' id='word_1_56' title='bbox 804 1227 889 1307; x_wconf 93' lang='lat' dir='ltr'>apud</span> <span class='ocrx_word' id='word_1_57' title='bbox 921 1227 1089 1292; x_wconf 87' lang='lat' dir='ltr'>Sucronem</span> <span class='ocrx_word' id='word_1_58' title='bbox 1119 1229 1313 1310; x_wconf 81' lang='lat' dir='ltr'>Perpennam</span> <span class='ocrx_word' id='word_1_59' title='bbox 1354 1235 1387 1293; x_wconf 90' lang='lat' dir='ltr'>et</span> <span class='ocrx_word' id='word_1_60' title='bbox 1418 1229 1577 1293; x_wconf 87' lang='lat' dir='ltr'>Metellum</span> 
     </span>
     <span class='ocr_line' id='line_1_10' title="bbox 368 1323 1578 1410; baseline 0.002 -20"><span class='ocrx_word' id='word_1_61' title='bbox 368 1329 488 1410; x_wconf 82' lang='lat' dir='ltr'>quoque</span> <span class='ocrx_word' id='word_1_62' title='bbox 521 1343 643 1406; x_wconf 85' lang='lat' dir='ltr'>pugnae</span> <span class='ocrx_word' id='word_1_63' title='bbox 676 1323 753 1389; x_wconf 89' lang='lat' dir='ltr'>facit</span> <span class='ocrx_word' id='word_1_64' title='bbox 785 1327 953 1407; x_wconf 86' lang='lat' dir='ltr'>participes</span> <span class='ocrx_word' id='word_1_65' title='bbox 984 1333 1017 1391; x_wconf 90' lang='lat' dir='ltr'>et</span> <span class='ocrx_word' id='word_1_66' title='bbox 1047 1333 1147 1393; x_wconf 91' lang='lat' dir='ltr'>totam</span> <span class='ocrx_word' id='word_1_67' title='bbox 1184 1329 1394 1393; x_wconf 84' lang='lat' dir='ltr'>narrationem</span> <span class='ocrx_word' id='word_1_68' title='bbox 1426 1330 1467 1392; x_wconf 89' lang='lat' dir='ltr'>dc</span> <span class='ocrx_word' id='word_1_69' title='bbox 1497 1329 1578 1393; x_wconf 87' lang='lat' dir='ltr'>bello</span> 
     </span>
     <span class='ocr_line' id='line_1_11' title="bbox 369 1423 1590 1509; baseline 0.002 -18"><span class='ocrx_word' id='word_1_70' title='bbox 369 1428 451 1492; x_wconf 89' lang='lat' dir='ltr'>circa</span> <span class='ocrx_word' id='word_1_71' title='bbox 472 1427 648 1505; x_wconf 82' lang='lat' dir='ltr'>Saguntum</span> <span class='ocrx_word' id='word_1_72' title='bbox 678 1423 811 1504; x_wconf 90' lang='lat' dir='ltr'>aliisque</span> <span class='ocrx_word' id='word_1_73' title='bbox 841 1425 913 1490; x_wconf 91' lang='lat' dir='ltr'>belli</span> <span class='ocrx_word' id='word_1_74' title='bbox 935 1427 1198 1509; x_wconf 63' lang='lat' dir='ltr'>vicissitudinibus</span> <span class='ocrx_word' id='word_1_75' title='bbox 1223 1423 1327 1491; x_wconf 81' lang='lat' dir='ltr'>reddit</span> <span class='ocrx_word' id='word_1_76' title='bbox 1356 1431 1590 1494; x_wconf 64' lang='lat' dir='ltr'>accuratiorem⁴</span> 
     </span>
     <span class='ocr_line' id='line_1_12' title="bbox 367 1523 1027 1608; baseline -0.003 -16"><span class='ocrx_word' id='word_1_77' title='bbox 367 1532 399 1592; x_wconf 89' lang='lat' dir='ltr'>et</span> <span class='ocrx_word' id='word_1_78' title='bbox 420 1526 601 1608; x_wconf 84' lang='lat' dir='ltr'>pleniorem.</span> <span class='ocrx_word' id='word_1_79' title='bbox 761 1523 762 1527; x_wconf 71' lang='grc'>’</span> <span class='ocrx_word' id='word_1_80' title='bbox 1023 1529 1027 1538; x_wconf 88' lang='grc'><em>“</em></span> 
     </span>
     <span class='ocr_line' id='line_1_13' title="bbox 311 1625 1579 1710; baseline 0.004 -20"><span class='ocrx_word' id='word_1_81' title='bbox 311 1695 316 1702; x_wconf 58' lang='grc'><strong>,</strong></span> <span class='ocrx_word' id='word_1_82' title='bbox 450 1626 511 1691; x_wconf 83' lang='grc' dir='ltr'><strong>Α111</strong></span> <span class='ocrx_word' id='word_1_83' title='bbox 533 1644 656 1708; x_wconf 91' lang='lat' dir='ltr'>quoque</span> <span class='ocrx_word' id='word_1_84' title='bbox 680 1626 736 1690; x_wconf 93' lang='lat' dir='ltr'>loci</span> <span class='ocrx_word' id='word_1_85' title='bbox 760 1626 790 1689; x_wconf 91' lang='lat' dir='ltr'>in</span> <span class='ocrx_word' id='word_1_86' title='bbox 813 1625 943 1690; x_wconf 85' lang='lat' dir='ltr'>Sertorii</span> <span class='ocrx_word' id='word_1_87' title='bbox 967 1627 1032 1691; x_wconf 91' lang='lat' dir='ltr'>vita</span> <span class='ocrx_word' id='word_1_88' title='bbox 1052 1634 1177 1708; x_wconf 88' lang='lat' dir='ltr'>exstant</span> <span class='ocrx_word' id='word_1_89' title='bbox 1199 1629 1334 1710; x_wconf 83' lang='lat' dir='ltr'>Appiani</span> <span class='ocrx_word' id='word_1_90' title='bbox 1357 1631 1431 1695; x_wconf 91' lang='lat' dir='ltr'>locis</span> <span class='ocrx_word' id='word_1_91' title='bbox 1453 1630 1579 1695; x_wconf 87' lang='lat' dir='ltr'>similes.</span> 
     </span>
     <span class='ocr_line' id='line_1_14' title="bbox 367 1725 1579 1808; baseline 0.002 -16"><span class='ocrx_word' id='word_1_92' title='bbox 367 1728 506 1808; x_wconf 90' lang='lat' dir='ltr'>Uterque</span> <span class='ocrx_word' id='word_1_93' title='bbox 527 1727 607 1790; x_wconf 89' lang='lat' dir='ltr'>enim</span> <span class='ocrx_word' id='word_1_94' title='bbox 628 1725 665 1790; x_wconf 90' lang='lat' dir='ltr'>de</span> <span class='ocrx_word' id='word_1_95' title='bbox 688 1743 779 1790; x_wconf 88' lang='lat' dir='ltr'>cerva</span> <span class='ocrx_word' id='word_1_96' title='bbox 801 1727 876 1791; x_wconf 92' lang='lat' dir='ltr'>dicit</span> <span class='ocrx_word' id='word_1_97' title='bbox 894 1727 1042 1806; x_wconf 87' lang='lat' dir='ltr'>Sertorii,</span> <span class='ocrx_word' id='word_1_98' title='bbox 1069 1747 1132 1808; x_wconf 87' lang='lat' dir='ltr'>qua</span> <span class='ocrx_word' id='word_1_99' title='bbox 1155 1748 1228 1794; x_wconf 93' lang='lat' dir='ltr'>osus</span> <span class='ocrx_word' id='word_1_100' title='bbox 1252 1737 1301 1794; x_wconf 90' lang='lat' dir='ltr'>est</span> <span class='ocrx_word' id='word_1_101' title='bbox 1322 1731 1370 1793; x_wconf 84' lang='lat' dir='ltr'>vir</span> <span class='ocrx_word' id='word_1_102' title='bbox 1391 1730 1579 1794; x_wconf 81' lang='lat' dir='ltr'>fortissimus</span> 
     </span>
    </p>
   </div>
   <div class='ocr_carea' id='block_1_3' title="bbox 260 1825 1578 1908">
    <p class='ocr_par' dir='ltr' id='par_1_3' title="bbox 260 1825 1578 1908">
     <span class='ocr_line' id='line_1_15' title="bbox 260 1825 1578 1908; baseline 0.001 -16"><span class='ocrx_word' id='word_1_103' title='bbox 260 1855 262 1863; x_wconf 94' lang='lat'>·</span> <span class='ocrx_word' id='word_1_104' title='bbox 368 1833 404 1892; x_wconf 90' lang='lat' dir='ltr'>ut</span> <span class='ocrx_word' id='word_1_105' title='bbox 427 1825 552 1891; x_wconf 92' lang='lat' dir='ltr'>oraculo</span> <span class='ocrx_word' id='word_1_106' title='bbox 582 1825 689 1889; x_wconf 89' lang='lat' dir='ltr'>adeis</span> <span class='ocrx_word' id='word_1_107' title='bbox 714 1825 857 1890; x_wconf 90' lang='lat' dir='ltr'>immisso.</span> <span class='ocrx_word' id='word_1_108' title='bbox 899 1827 1083 1892; x_wconf 87' lang='lat' dir='ltr'>Plutarchus</span> <span class='ocrx_word' id='word_1_109' title='bbox 1114 1829 1239 1908; x_wconf 89' lang='lat' dir='ltr'>quidem</span> <span class='ocrx_word' id='word_1_110' title='bbox 1261 1848 1364 1893; x_wconf 87' lang='lat' dir='ltr'>rerum</span> <span class='ocrx_word' id='word_1_111' title='bbox 1393 1829 1578 1893; x_wconf 89' lang='lat' dir='ltr'>mirabilium</span> 
     </span>
    </p>
   </div>
   <div class='ocr_carea' id='block_1_4' title="bbox 366 1925 1583 4102">
    <p class='ocr_par' dir='ltr' id='par_1_4' title="bbox 367 1925 1578 2092">
     <span class='ocr_line' id='line_1_16' title="bbox 367 1925 1578 2009; baseline 0 -16"><span class='ocrx_word' id='word_1_112' title='bbox 367 1928 497 2009; x_wconf 91' lang='lat' dir='ltr'>cupidus</span> <span class='ocrx_word' id='word_1_113' title='bbox 532 1926 629 1990; x_wconf 85' lang='lat' dir='ltr'>fusius</span> <span class='ocrx_word' id='word_1_114' title='bbox 664 1925 703 1989; x_wconf 92' lang='lat' dir='ltr'>de</span> <span class='ocrx_word' id='word_1_115' title='bbox 732 1943 769 1989; x_wconf 91' lang='lat' dir='ltr'>ea</span> <span class='ocrx_word' id='word_1_116' title='bbox 798 1926 872 1990; x_wconf 91' lang='lat' dir='ltr'>dicit</span> <span class='ocrx_word' id='word_1_117' title='bbox 901 1927 981 1991; x_wconf 82' lang='lat' dir='ltr'>Sert.</span> <span class='ocrx_word' id='word_1_118' title='bbox 1005 1933 1052 1992; x_wconf 93' lang='grc'>11.</span> <span class='ocrx_word' id='word_1_119' title='bbox 1078 1933 1117 1992; x_wconf 81' lang='grc'>20</span> <span class='ocrx_word' id='word_1_120' title='bbox 1145 1928 1269 1991; x_wconf 87' lang='lat' dir='ltr'>brevius</span> <span class='ocrx_word' id='word_1_121' title='bbox 1299 1927 1481 2009; x_wconf 82' lang='lat' dir='ltr'>Appiani,</span> <span class='ocrx_word' id='word_1_122' title='bbox 1513 1935 1578 1994; x_wconf 96' lang='grc'><strong>110.</strong></span> 
     </span>
     <span class='ocr_line' id='line_1_17' title="bbox 370 2024 1019 2092; baseline 0.002 -1"><span class='ocrx_word' id='word_1_123' title='bbox 370 2027 473 2091; x_wconf 84' lang='grc' dir='ltr'><strong><em>Ροειιε</em></strong></span> <span class='ocrx_word' id='word_1_124' title='bbox 493 2027 532 2089; x_wconf 96' lang='lat' dir='ltr'>ad</span> <span class='ocrx_word' id='word_1_125' title='bbox 556 2024 682 2090; x_wconf 88' lang='lat' dir='ltr'>verbum</span> <span class='ocrx_word' id='word_1_126' title='bbox 705 2027 905 2090; x_wconf 90' lang='lat' dir='ltr'>consentiunt</span> <span class='ocrx_word' id='word_1_127' title='bbox 926 2025 1019 2092; x_wconf 88' lang='lat' dir='ltr'>haec:</span> 
     </span>
    </p>

    <p class='ocr_par' dir='ltr' id='par_1_5' title="bbox 366 2125 1581 2712">
     <span class='ocr_line' id='line_1_18' title="bbox 367 2125 1578 2212; baseline -0.002 -19"><span class='ocrx_word' id='word_1_128' title='bbox 367 2127 452 2193; x_wconf 84' lang='lat' dir='ltr'>Ptot.</span> <span class='ocrx_word' id='word_1_129' title='bbox 476 2125 555 2192; x_wconf 68' lang='lat' dir='ltr'>Sera</span> <span class='ocrx_word' id='word_1_130' title='bbox 577 2130 634 2190; x_wconf 91' lang='grc'>22.</span> <span class='ocrx_word' id='word_1_131' title='bbox 655 2129 718 2190; x_wconf 80' lang='lat'>23:</span> <span class='ocrx_word' id='word_1_132' title='bbox 747 2126 947 2209; x_wconf 82' lang='grc' dir='ltr'><strong><em>μεγαλοφρο·</em></strong></span> <span class='ocrx_word' id='word_1_133' title='bbox 997 2129 1082 2209; x_wconf 76' lang='lat' dir='ltr'>App.</span> <span class='ocrx_word' id='word_1_134' title='bbox 1099 2127 1128 2203; x_wconf 82' lang='lat' dir='ltr'>I,</span> <span class='ocrx_word' id='word_1_135' title='bbox 1141 2131 1222 2191; x_wconf 84' lang='lat'><em>108:</em></span> <span class='ocrx_word' id='word_1_136' title='bbox 1252 2126 1453 2212; x_wconf 76' lang='grc' dir='ltr'><strong><em>περιώνυμος</em></strong></span> <span class='ocrx_word' id='word_1_137' title='bbox 1473 2130 1511 2192; x_wconf 80' lang='grc' dir='ltr'>δὲ</span> <span class='ocrx_word' id='word_1_138' title='bbox 1533 2125 1578 2191; x_wconf 78' lang='grc' dir='ltr'><strong><em>τόν</em></strong></span> 
     </span>
     <span class='ocr_line' id='line_1_19' title="bbox 367 2226 1579 2312; baseline 0 -20"><span class='ocrx_word' id='word_1_139' title='bbox 367 2226 465 2310; x_wconf 83' lang='grc' dir='ltr'><strong><em>σόνης</em></strong></span> <span class='ocrx_word' id='word_1_140' title='bbox 485 2227 524 2289; x_wconf 78' lang='grc' dir='ltr'>δὲ</span> <span class='ocrx_word' id='word_1_141' title='bbox 545 2228 604 2288; x_wconf 84' lang='grc' dir='ltr'>τοῦ</span> <span class='ocrx_word' id='word_1_142' title='bbox 619 2229 800 2306; x_wconf 82' lang='grc' dir='ltr'><strong><em>Σερτωρίου</em></strong></span> <span class='ocrx_word' id='word_1_143' title='bbox 818 2229 949 2305; x_wconf 80' lang='grc' dir='ltr'><strong><em>πρῶτον</em></strong></span> <span class='ocrx_word' id='word_1_144' title='bbox 997 2227 1053 2289; x_wconf 79' lang='grc' dir='ltr'>ἐπὶ</span> <span class='ocrx_word' id='word_1_145' title='bbox 1075 2226 1191 2310; x_wconf 83' lang='grc' dir='ltr'><strong><em>τόλμῃ,</em></strong></span> <span class='ocrx_word' id='word_1_146' title='bbox 1213 2227 1334 2312; x_wconf 64' lang='grc' dir='ltr'><strong><em>βουλήν</em></strong></span> <span class='ocrx_word' id='word_1_147' title='bbox 1351 2228 1522 2305; x_wconf 80' lang='grc' dir='ltr'><strong><em>κατέλεξεν</em></strong></span> <span class='ocrx_word' id='word_1_148' title='bbox 1544 2231 1579 2292; x_wconf 84' lang='grc' dir='ltr'>ἐκ</span> 
     </span>
     <span class='ocr_line' id='line_1_20' title="bbox 366 2324 1580 2414; baseline -0.001 -23"><span class='ocrx_word' id='word_1_149' title='bbox 366 2335 436 2409; x_wconf 81' lang='grc' dir='ltr'><strong><em>μέν,</em></strong></span> <span class='ocrx_word' id='word_1_150' title='bbox 459 2373 488 2392; x_wconf 91' lang='grc'>..</span> <span class='ocrx_word' id='word_1_151' title='bbox 506 2376 513 2390; x_wconf 90' lang='grc'><strong>.</strong></span> <span class='ocrx_word' id='word_1_152' title='bbox 527 2324 703 2407; x_wconf 70' lang='grc' dir='ltr'><strong><em>βουλευτάς</em></strong></span> <span class='ocrx_word' id='word_1_153' title='bbox 718 2373 724 2388; x_wconf 94' lang='grc'><strong>.</strong></span> <span class='ocrx_word' id='word_1_154' title='bbox 742 2375 749 2390; x_wconf 94' lang='grc'><strong>.</strong></span> <span class='ocrx_word' id='word_1_155' title='bbox 766 2326 842 2406; x_wconf 83' lang='grc' dir='ltr'><strong><em>παρ’</em></strong></span> <span class='ocrx_word' id='word_1_156' title='bbox 857 2326 949 2406; x_wconf 71' lang='grc' dir='ltr'><strong><em>αυτῷ</em></strong></span> <span class='ocrx_word' id='word_1_157' title='bbox 996 2330 1062 2389; x_wconf 82' lang='grc' dir='ltr'><strong><em>τῶν</em></strong></span> <span class='ocrx_word' id='word_1_158' title='bbox 1078 2326 1245 2390; x_wconf 86' lang='grc' dir='ltr'><strong><em>συνόντων</em></strong></span> <span class='ocrx_word' id='word_1_159' title='bbox 1259 2327 1290 2389; x_wconf 80' lang='grc' dir='ltr'>οἱ</span> <span class='ocrx_word' id='word_1_160' title='bbox 1307 2327 1419 2411; x_wconf 84' lang='grc' dir='ltr'><strong><em>φίλων,</em></strong></span> <span class='ocrx_word' id='word_1_161' title='bbox 1439 2329 1493 2390; x_wconf 80' lang='grc' dir='ltr'>καὶ</span> <span class='ocrx_word' id='word_1_162' title='bbox 1505 2327 1580 2414; x_wconf 79' lang='grc' dir='ltr'><strong><em>τήν·</em></strong></span> 
     </span>
     <span class='ocr_line' id='line_1_21' title="bbox 369 2419 1580 2512; baseline 0.001 -22"><span class='ocrx_word' id='word_1_163' title='bbox 369 2429 593 2508; x_wconf 78' lang='grc' dir='ltr'><strong><em>διατρίβοντας</em></strong></span> <span class='ocrx_word' id='word_1_164' title='bbox 626 2423 804 2508; x_wconf 76' lang='grc' dir='ltr'><strong><em>σύγκλητον</em></strong></span> <span class='ocrx_word' id='word_1_165' title='bbox 834 2426 949 2507; x_wconf 82' lang='grc' dir='ltr'><strong><em>α’ναγο-</em></strong></span> <span class='ocrx_word' id='word_1_166' title='bbox 998 2426 1036 2488; x_wconf 81' lang='grc' dir='ltr'><strong><em>δε</em></strong></span> <span class='ocrx_word' id='word_1_167' title='bbox 1074 2427 1181 2508; x_wconf 79' lang='grc' dir='ltr'><strong><em>ἔλεγεν</em></strong></span> <span class='ocrx_word' id='word_1_168' title='bbox 1201 2419 1302 2490; x_wconf 81' lang='grc' dir='ltr'><strong><em>ἐἶναι</em></strong></span> <span class='ocrx_word' id='word_1_169' title='bbox 1332 2429 1393 2512; x_wconf 76' lang='grc' dir='ltr'><strong><em>τήν</em></strong></span> <span class='ocrx_word' id='word_1_170' title='bbox 1418 2429 1580 2510; x_wconf 88' lang='grc' dir='ltr'><strong><em>Ῥωμαίων</em></strong></span> 
     </span>
     <span class='ocr_line' id='line_1_22' title="bbox 366 2525 1581 2613; baseline 0.002 -24"><span class='ocrx_word' id='word_1_171' title='bbox 366 2529 509 2611; x_wconf 84' lang='grc' dir='ltr'><strong><em>ρεῦσαι.</em></strong></span> <span class='ocrx_word' id='word_1_172' title='bbox 534 2576 540 2591; x_wconf 94' lang='grc'><strong>.</strong></span> <span class='ocrx_word' id='word_1_173' title='bbox 565 2525 787 2607; x_wconf 72' lang='grc' dir='ltr'><strong><em>ἀθροίσαντος</em></strong></span> <span class='ocrx_word' id='word_1_174' title='bbox 814 2526 852 2588; x_wconf 74' lang='grc' dir='ltr'>δὲ</span> <span class='ocrx_word' id='word_1_175' title='bbox 873 2531 949 2608; x_wconf 82' lang='grc' dir='ltr'><strong><em>Σερ-</em></strong></span> <span class='ocrx_word' id='word_1_176' title='bbox 997 2527 1132 2613; x_wconf 72' lang='grc' dir='ltr'><strong><em>βουλήν,</em></strong></span> <span class='ocrx_word' id='word_1_177' title='bbox 1175 2527 1229 2590; x_wconf 80' lang='grc' dir='ltr'>καὶ</span> <span class='ocrx_word' id='word_1_178' title='bbox 1265 2528 1296 2600; x_wconf 80' lang='grc' dir='ltr'>ἐς</span> <span class='ocrx_word' id='word_1_179' title='bbox 1332 2525 1425 2610; x_wconf 75' lang='grc' dir='ltr'><strong><em>ὕβριν</em></strong></span> <span class='ocrx_word' id='word_1_180' title='bbox 1460 2530 1581 2612; x_wconf 81' lang='grc' dir='ltr'><strong><em>ἐκείνης</em></strong></span> 
     </span>
     <span class='ocr_line' id='line_1_23' title="bbox 366 2624 1315 2712; baseline 0.003 -23"><span class='ocrx_word' id='word_1_181' title='bbox 366 2634 482 2709; x_wconf 87' lang='grc' dir='ltr'><strong><em>τωρίου</em></strong></span> <span class='ocrx_word' id='word_1_182' title='bbox 518 2625 653 2712; x_wconf 68' lang='grc' dir='ltr'><strong><em>βουλήν,</em></strong></span> <span class='ocrx_word' id='word_1_183' title='bbox 693 2625 741 2709; x_wconf 72' lang='grc' dir='ltr'><strong><em>ἤν</em></strong></span> <span class='ocrx_word' id='word_1_184' title='bbox 773 2624 949 2707; x_wconf 80' lang='grc' dir='ltr'><strong><em>σύγκλητον</em></strong></span> <span class='ocrx_word' id='word_1_185' title='bbox 998 2627 1176 2711; x_wconf 80' lang='grc' dir='ltr'><strong><em>σύγκλητον</em></strong></span> <span class='ocrx_word' id='word_1_186' title='bbox 1197 2625 1315 2692; x_wconf 81' lang='grc' dir='ltr'><strong><em>ἐκάλει.</em></strong></span> 
     </span>
    </p>

    <p class='ocr_par' dir='ltr' id='par_1_6' title="bbox 366 2725 525 2809">
     <span class='ocr_line' id='line_1_24' title="bbox 366 2725 525 2809; baseline 0.006 -19"><span class='ocrx_word' id='word_1_187' title='bbox 366 2725 502 2809; x_wconf 80' lang='grc' dir='ltr'><strong><em>ω’νόμαζ</em></strong></span> <span class='ocrx_word' id='word_1_188' title='bbox 517 2774 525 2791; x_wconf 89' lang='grc'><strong>.</strong></span> 
     </span>
    </p>

    <p class='ocr_par' dir='ltr' id='par_1_7' title="bbox 366 2825 1580 3306">
     <span class='ocr_line' id='line_1_25' title="bbox 452 2825 1578 2906; baseline -0.001 -16"><span class='ocrx_word' id='word_1_189' title='bbox 452 2827 498 2890; x_wconf 87' lang='lat' dir='ltr'>De</span> <span class='ocrx_word' id='word_1_190' title='bbox 517 2827 624 2904; x_wconf 78' lang='lat' dir='ltr'>ultimo</span> <span class='ocrx_word' id='word_1_191' title='bbox 642 2826 753 2890; x_wconf 89' lang='lat' dir='ltr'>deinde</span> <span class='ocrx_word' id='word_1_192' title='bbox 768 2825 954 2906; x_wconf 87' lang='lat' dir='ltr'>Perpennae·</span> <span class='ocrx_word' id='word_1_193' title='bbox 968 2825 1062 2904; x_wconf 86' lang='lat' dir='ltr'>facto,</span> <span class='ocrx_word' id='word_1_194' title='bbox 1082 2842 1153 2905; x_wconf 89' lang='lat' dir='ltr'>quo,</span> <span class='ocrx_word' id='word_1_195' title='bbox 1170 2845 1238 2888; x_wconf 91' lang='lat' dir='ltr'>cum</span> <span class='ocrx_word' id='word_1_196' title='bbox 1256 2826 1402 2906; x_wconf 88' lang='lat' dir='ltr'>Pompeio</span> <span class='ocrx_word' id='word_1_197' title='bbox 1421 2825 1578 2889; x_wconf 89' lang='lat' dir='ltr'>Romanos</span> 
     </span>
     <span class='ocr_line' id='line_1_26' title="bbox 370 2926 1580 3007; baseline -0.002 -16"><span class='ocrx_word' id='word_1_198' title='bbox 370 2926 490 2993; x_wconf 91' lang='lat' dir='ltr'>nobiles</span> <span class='ocrx_word' id='word_1_199' title='bbox 523 2926 722 2989; x_wconf 88' lang='lat' dir='ltr'>denuntiaret</span> <span class='ocrx_word' id='word_1_200' title='bbox 753 2944 853 2990; x_wconf 87' lang='lat' dir='ltr'>rerum</span> <span class='ocrx_word' id='word_1_201' title='bbox 890 2943 1041 2989; x_wconf 87' lang='lat' dir='ltr'>novarum</span> <span class='ocrx_word' id='word_1_202' title='bbox 1074 2926 1249 3006; x_wconf 86' lang='lat' dir='ltr'>studiosos,</span> <span class='ocrx_word' id='word_1_203' title='bbox 1282 2928 1377 2990; x_wconf 87' lang='lat' dir='ltr'>vitam</span> <span class='ocrx_word' id='word_1_204' title='bbox 1410 2926 1580 3007; x_wconf 90' lang='lat' dir='ltr'>producere</span> 
     </span>
     <span class='ocr_line' id='line_1_27' title="bbox 366 3023 1580 3106; baseline -0.001 -15"><span class='ocrx_word' id='word_1_205' title='bbox 366 3026 461 3092; x_wconf 86' lang='lat' dir='ltr'>v&#39;ellet</span> <span class='ocrx_word' id='word_1_206' title='bbox 496 3033 527 3090; x_wconf 89' lang='lat' dir='ltr'>et</span> <span class='ocrx_word' id='word_1_207' title='bbox 558 3025 595 3089; x_wconf 93' lang='lat' dir='ltr'>de</span> <span class='ocrx_word' id='word_1_208' title='bbox 629 3024 754 3106; x_wconf 86' lang='lat' dir='ltr'>Pompei</span> <span class='ocrx_word' id='word_1_209' title='bbox 792 3025 1049 3105; x_wconf 84' lang='lat' dir='ltr'>magnanimitate</span> <span class='ocrx_word' id='word_1_210' title='bbox 1082 3031 1114 3088; x_wconf 91' lang='lat' dir='ltr'>et</span> <span class='ocrx_word' id='word_1_211' title='bbox 1148 3023 1231 3088; x_wconf 92' lang='lat' dir='ltr'>bona</span> <span class='ocrx_word' id='word_1_212' title='bbox 1270 3027 1390 3088; x_wconf 85' lang='lat' dir='ltr'>ratione</span> <span class='ocrx_word' id='word_1_213' title='bbox 1425 3026 1456 3088; x_wconf 92' lang='lat' dir='ltr'>in</span> <span class='ocrx_word' id='word_1_214' title='bbox 1492 3026 1580 3090; x_wconf 84' lang='lat' dir='ltr'>bellis</span> 
     </span>
     <span class='ocr_line' id='line_1_28' title="bbox 367 3124 1579 3205; baseline -0.003 -14"><span class='ocrx_word' id='word_1_215' title='bbox 367 3127 453 3191; x_wconf 87' lang='lat' dir='ltr'>novis</span> <span class='ocrx_word' id='word_1_216' title='bbox 489 3125 631 3190; x_wconf 85' lang='lat' dir='ltr'>civilibus</span> <span class='ocrx_word' id='word_1_217' title='bbox 668 3124 846 3189; x_wconf 87' lang='lat' dir='ltr'>avertendis</span> <span class='ocrx_word' id='word_1_218' title='bbox 881 3125 972 3188; x_wconf 89' lang='lat' dir='ltr'>ambo</span> <span class='ocrx_word' id='word_1_219' title='bbox 1012 3125 1218 3189; x_wconf 90' lang='lat' dir='ltr'>consentiunt.</span> <span class='ocrx_word' id='word_1_220' title='bbox 1276 3125 1358 3188; x_wconf 92' lang='lat' dir='ltr'>Plut.</span> <span class='ocrx_word' id='word_1_221' title='bbox 1390 3127 1497 3205; x_wconf 90' lang='lat' dir='ltr'>Pomp.</span> <span class='ocrx_word' id='word_1_222' title='bbox 1531 3129 1579 3203; x_wconf 82' lang='lat'>20,</span> 
     </span>
     <span class='ocr_line' id='line_1_29' title="bbox 367 3223 789 3306; baseline -0.014 -14"><span class='ocrx_word' id='word_1_223' title='bbox 367 3228 447 3292; x_wconf 84' lang='lat' dir='ltr'>Sert.</span> <span class='ocrx_word' id='word_1_224' title='bbox 470 3226 519 3296; x_wconf 74' lang='lat'>27,</span> <span class='ocrx_word' id='word_1_225' title='bbox 548 3225 626 3306; x_wconf 90' lang='lat' dir='ltr'>App.</span> <span class='ocrx_word' id='word_1_226' title='bbox 647 3226 669 3300; x_wconf 75' lang='grc' dir='ltr'>Ι,</span> <span class='ocrx_word' id='word_1_227' title='bbox 694 3223 789 3306; x_wconf 80' lang='lat'>115¹).</span> 
     </span>
    </p>

    <p class='ocr_par' dir='ltr' id='par_1_8' title="bbox 367 3322 1581 3801">
     <span class='ocr_line' id='line_1_30' title="bbox 452 3322 1580 3404; baseline -0.002 -18"><span class='ocrx_word' id='word_1_228' title='bbox 452 3323 592 3404; x_wconf 88' lang='lat' dir='ltr'>Uterque</span> <span class='ocrx_word' id='word_1_229' title='bbox 631 3324 705 3387; x_wconf 91' lang='lat' dir='ltr'>dicit</span> <span class='ocrx_word' id='word_1_230' title='bbox 748 3324 785 3387; x_wconf 91' lang='lat' dir='ltr'>de</span> <span class='ocrx_word' id='word_1_231' title='bbox 828 3323 976 3403; x_wconf 91' lang='lat' dir='ltr'>Hispanis</span> <span class='ocrx_word' id='word_1_232' title='bbox 1015 3342 1034 3386; x_wconf 89' lang='lat' dir='ltr'>a</span> <span class='ocrx_word' id='word_1_233' title='bbox 1071 3322 1207 3387; x_wconf 84' lang='lat' dir='ltr'>Sertorio</span> <span class='ocrx_word' id='word_1_234' title='bbox 1246 3324 1393 3389; x_wconf 88' lang='lat' dir='ltr'>Romanis</span> <span class='ocrx_word' id='word_1_235' title='bbox 1428 3322 1580 3403; x_wconf 86' lang='lat' dir='ltr'>praelatis</span> 
     </span>
     <span class='ocr_line' id='line_1_31' title="bbox 368 3421 1579 3505; baseline -0.005 -16"><span class='ocrx_word' id='word_1_236' title='bbox 368 3425 450 3489; x_wconf 87' lang='lat' dir='ltr'>Sert.</span> <span class='ocrx_word' id='word_1_237' title='bbox 483 3430 527 3488; x_wconf 86' lang='grc'><strong>14.</strong></span> <span class='ocrx_word' id='word_1_238' title='bbox 559 3425 637 3505; x_wconf 84' lang='lat' dir='ltr'>App.</span> <span class='ocrx_word' id='word_1_239' title='bbox 668 3426 743 3502; x_wconf 87' lang='lat'>110,</span> <span class='ocrx_word' id='word_1_240' title='bbox 772 3424 809 3487; x_wconf 94' lang='lat' dir='ltr'>de</span> <span class='ocrx_word' id='word_1_241' title='bbox 842 3422 1030 3486; x_wconf 87' lang='lat' dir='ltr'>crudelitate</span> <span class='ocrx_word' id='word_1_242' title='bbox 1063 3423 1194 3488; x_wconf 83' lang='lat' dir='ltr'>Sertorii</span> <span class='ocrx_word' id='word_1_243' title='bbox 1229 3433 1339 3485; x_wconf 89' lang='lat' dir='ltr'>contra</span> <span class='ocrx_word' id='word_1_244' title='bbox 1372 3440 1441 3502; x_wconf 89' lang='lat' dir='ltr'>eos,</span> <span class='ocrx_word' id='word_1_245' title='bbox 1475 3421 1528 3500; x_wconf 90' lang='lat' dir='ltr'>qui</span> <span class='ocrx_word' id='word_1_246' title='bbox 1560 3439 1579 3482; x_wconf 91' lang='lat' dir='ltr'>a</span> 
     </span>
     <span class='ocr_line' id='line_1_32' title="bbox 367 3521 1581 3602; baseline -0.002 -16"><span class='ocrx_word' id='word_1_247' title='bbox 367 3522 502 3588; x_wconf 88' lang='lat' dir='ltr'>factione</span> <span class='ocrx_word' id='word_1_248' title='bbox 531 3541 586 3586; x_wconf 93' lang='lat' dir='ltr'>sua</span> <span class='ocrx_word' id='word_1_249' title='bbox 609 3521 785 3586; x_wconf 86' lang='lat' dir='ltr'>defecerant</span> <span class='ocrx_word' id='word_1_250' title='bbox 809 3524 889 3587; x_wconf 86' lang='lat' dir='ltr'>Sert.</span> <span class='ocrx_word' id='word_1_251' title='bbox 913 3523 962 3587; x_wconf 76' lang='lat' dir='ltr'>at.</span> <span class='ocrx_word' id='word_1_252' title='bbox 989 3529 1067 3602; x_wconf 87' lang='lat' dir='ltr'>App.</span> <span class='ocrx_word' id='word_1_253' title='bbox 1094 3524 1170 3602; x_wconf 79' lang='lat' dir='ltr'>tta3</span> <span class='ocrx_word' id='word_1_254' title='bbox 1205 3523 1242 3586; x_wconf 91' lang='lat' dir='ltr'>de</span> <span class='ocrx_word' id='word_1_255' title='bbox 1264 3523 1332 3586; x_wconf 92' lang='lat' dir='ltr'>odio</span> <span class='ocrx_word' id='word_1_256' title='bbox 1357 3521 1485 3586; x_wconf 86' lang='lat' dir='ltr'>Sertorii</span> <span class='ocrx_word' id='word_1_257' title='bbox 1507 3528 1581 3600; x_wconf 90' lang='lat' dir='ltr'>post</span> 
     </span>
     <span class='ocr_line' id='line_1_33' title="bbox 369 3611 1581 3701; baseline -0.003 -15"><span class='ocrx_word' id='word_1_258' title='bbox 369 3627 499 3686; x_wconf 89' lang='lat' dir='ltr'>mortem</span> <span class='ocrx_word' id='word_1_259' title='bbox 522 3621 587 3691; x_wconf 87' lang='lat' dir='ltr'>eius</span> <span class='ocrx_word' id='word_1_260' title='bbox 611 3622 641 3685; x_wconf 93' lang='lat' dir='ltr'>in</span> <span class='ocrx_word' id='word_1_261' title='bbox 664 3621 850 3686; x_wconf 77' lang='lat' dir='ltr'>(desiderium</span> <span class='ocrx_word' id='word_1_262' title='bbox 872 3621 960 3687; x_wconf 91' lang='lat' dir='ltr'>ducis</span> <span class='ocrx_word' id='word_1_263' title='bbox 982 3621 1140 3686; x_wconf 87' lang='lat' dir='ltr'>fortissimi</span> <span class='ocrx_word' id='word_1_264' title='bbox 1163 3627 1195 3684; x_wconf 91' lang='lat' dir='ltr'>et</span> <span class='ocrx_word' id='word_1_265' title='bbox 1217 3623 1246 3684; x_wconf 94' lang='lat' dir='ltr'>in</span> <span class='ocrx_word' id='word_1_266' title='bbox 1269 3621 1371 3685; x_wconf 92' lang='lat' dir='ltr'>odium</span> <span class='ocrx_word' id='word_1_267' title='bbox 1397 3611 1581 3701; x_wconf 86' lang='lat' dir='ltr'>Perpennae</span> 
     </span>
     <span class='ocr_line' id='line_1_34' title="bbox 369 3719 1197 3801; baseline -0.004 -16"><span class='ocrx_word' id='word_1_268' title='bbox 369 3719 576 3786; x_wconf 82' lang='lat' dir='ltr'>interfectoris</span> <span class='ocrx_word' id='word_1_269' title='bbox 599 3728 787 3785; x_wconf 87' lang='lat' dir='ltr'>commutato</span> <span class='ocrx_word' id='word_1_270' title='bbox 831 3723 912 3787; x_wconf 86' lang='lat' dir='ltr'>Sert.</span> <span class='ocrx_word' id='word_1_271' title='bbox 935 3721 984 3785; x_wconf 76' lang='grc'><strong>11.</strong></span> <span class='ocrx_word' id='word_1_272' title='bbox 1026 3721 1104 3801; x_wconf 83' lang='lat' dir='ltr'>App.</span> <span class='ocrx_word' id='word_1_273' title='bbox 1130 3726 1197 3784; x_wconf 89' lang='grc'><strong>110.</strong></span> 
     </span>
    </p>

    <p class='ocr_par' dir='ltr' id='par_1_9' title="bbox 368 3817 1583 4102">
     <span class='ocr_line' id='line_1_35' title="bbox 450 3817 1581 3903; baseline -0.004 -19"><span class='ocrx_word' id='word_1_274' title='bbox 450 3821 495 3884; x_wconf 90' lang='lat' dir='ltr'>De</span> <span class='ocrx_word' id='word_1_275' title='bbox 517 3830 617 3885; x_wconf 89' lang='lat' dir='ltr'>morte</span> <span class='ocrx_word' id='word_1_276' title='bbox 639 3819 769 3903; x_wconf 87' lang='lat' dir='ltr'>denique</span> <span class='ocrx_word' id='word_1_277' title='bbox 792 3821 920 3886; x_wconf 85' lang='lat' dir='ltr'>Sertorii</span> <span class='ocrx_word' id='word_1_278' title='bbox 938 3819 1125 3885; x_wconf 85' lang='lat' dir='ltr'>Plutarchus</span> <span class='ocrx_word' id='word_1_279' title='bbox 1147 3819 1381 3884; x_wconf 78' lang='lat' dir='ltr'>accuratissime</span> <span class='ocrx_word' id='word_1_280' title='bbox 1404 3817 1488 3894; x_wconf 89' lang='lat' dir='ltr'>dicit,</span> <span class='ocrx_word' id='word_1_281' title='bbox 1510 3818 1581 3881; x_wconf 87' lang='lat' dir='ltr'>bre-</span> 
     </span>
     <span class='ocr_line' id='line_1_36' title="bbox 368 3917 1583 4003; baseline -0.004 -19"><span class='ocrx_word' id='word_1_282' title='bbox 368 3921 448 3985; x_wconf 89' lang='lat' dir='ltr'>viter</span> <span class='ocrx_word' id='word_1_283' title='bbox 473 3919 650 4000; x_wconf 63' lang='lat' dir='ltr'>Appianum</span> <span class='ocrx_word' id='word_1_284' title='bbox 682 3919 823 3984; x_wconf 89' lang='lat' dir='ltr'>conferas</span> <span class='ocrx_word' id='word_1_285' title='bbox 847 3920 1032 3988; x_wconf 82' lang='lat' dir='ltr'>Strabonem</span> <span class='ocrx_word' id='word_1_286' title='bbox 1061 3938 1182 4003; x_wconf 88' lang='lat' dir='ltr'>quoque</span> <span class='ocrx_word' id='word_1_287' title='bbox 1212 3924 1325 3999; x_wconf 87' lang='grc'><strong>3,161</strong></span> <span class='ocrx_word' id='word_1_288' title='bbox 1359 3917 1514 3981; x_wconf 76' lang='grc' dir='ltr'><strong><em>ἐτελεύτα</em></strong></span> <span class='ocrx_word' id='word_1_289' title='bbox 1544 3918 1583 3980; x_wconf 78' lang='grc' dir='ltr'>δὲ</span> 
     </span>
     <span class='ocr_line' id='line_1_37' title="bbox 368 4018 464 4102; baseline -0.042 -15"><span class='ocrx_word' id='word_1_290' title='bbox 368 4018 464 4102; x_wconf 86' lang='grc' dir='ltr'><strong><em>νόσῳ.</em></strong></span> 
     </span>
    </p>
   </div>
   <div class='ocr_carea' id='block_1_5' title="bbox 368 4150 1581 4312">
    <p class='ocr_par' dir='ltr' id='par_1_10' title="bbox 368 4150 1581 4312">
     <span class='ocr_line' id='line_1_38' title="bbox 438 4150 1581 4226; baseline -0.009 -15"><span class='ocrx_word' id='word_1_291' title='bbox 438 4158 464 4226; x_wconf 88' lang='grc'><strong>1)</strong></span> <span class='ocrx_word' id='word_1_292' title='bbox 484 4155 657 4225; x_wconf 81' lang='lat' dir='ltr'>Perpennam</span> <span class='ocrx_word' id='word_1_293' title='bbox 673 4153 784 4218; x_wconf 79' lang='grc' dir='ltr'><strong><em>βοῶντα,</em></strong></span> <span class='ocrx_word' id='word_1_294' title='bbox 802 4154 882 4206; x_wconf 69' lang='grc' dir='ltr'><strong><em>πολλοὶ</em></strong></span> <span class='ocrx_word' id='word_1_295' title='bbox 897 4155 1017 4222; x_wconf 84' lang='grc' dir='ltr'><strong><em>μηνόσειν</em></strong></span> <span class='ocrx_word' id='word_1_296' title='bbox 1036 4152 1072 4223; x_wconf 78' lang='grc' dir='ltr'>τῷ</span> <span class='ocrx_word' id='word_1_297' title='bbox 1088 4153 1217 4220; x_wconf 78' lang='grc' dir='ltr'><strong><em>Πομπηΐῳ</em></strong></span> <span class='ocrx_word' id='word_1_298' title='bbox 1237 4155 1294 4219; x_wconf 79' lang='grc' dir='ltr'><strong><em>περὶ</em></strong></span> <span class='ocrx_word' id='word_1_299' title='bbox 1311 4151 1359 4219; x_wconf 76' lang='grc' dir='ltr'>τῆς</span> <span class='ocrx_word' id='word_1_300' title='bbox 1377 4156 1403 4204; x_wconf 78' lang='grc' dir='ltr'><strong><em>ἐν</em></strong></span> <span class='ocrx_word' id='word_1_301' title='bbox 1418 4152 1502 4224; x_wconf 74' lang='grc' dir='ltr'><strong><em>Ῥώμῃ</em></strong></span> <span class='ocrx_word' id='word_1_302' title='bbox 1521 4150 1581 4202; x_wconf 68' lang='grc' dir='ltr'><strong><em>σιτί’·</em></strong></span> 
     </span>
     <span class='ocr_line' id='line_1_39' title="bbox 368 4231 1574 4312; baseline -0.011 -14"><span class='ocrx_word' id='word_1_303' title='bbox 368 4265 430 4312; x_wconf 62' lang='lat' dir='ltr'>quote</span> <span class='ocrx_word' id='word_1_304' title='bbox 450 4285 455 4298; x_wconf 94' lang='lat'><em>.</em></span> <span class='ocrx_word' id='word_1_305' title='bbox 477 4283 482 4298; x_wconf 91' lang='lat'><strong>.</strong></span> <span class='ocrx_word' id='word_1_306' title='bbox 504 4244 671 4298; x_wconf 70' lang='lat' dir='ltr'>,dotatum</span> <span class='ocrx_word' id='word_1_307' title='bbox 690 4283 696 4295; x_wconf 85' lang='lat'><strong>.</strong></span> <span class='ocrx_word' id='word_1_308' title='bbox 716 4281 722 4294; x_wconf 91' lang='lat'>.</span> <span class='ocrx_word' id='word_1_309' title='bbox 744 4242 828 4300; x_wconf 78' lang='grc' dir='ltr'><strong><em>δείσας</em></strong></span> <span class='ocrx_word' id='word_1_310' title='bbox 845 4241 905 4312; x_wconf 74' lang='grc' dir='ltr'><strong><em>ἄρα,</em></strong></span> <span class='ocrx_word' id='word_1_311' title='bbox 923 4241 959 4309; x_wconf 78' lang='grc' dir='ltr'>μή</span> <span class='ocrx_word' id='word_1_312' title='bbox 977 4262 1003 4292; x_wconf 80' lang='grc' dir='ltr'>τι</span> <span class='ocrx_word' id='word_1_313' title='bbox 1020 4241 1152 4309; x_wconf 74' lang='grc' dir='ltr'><strong><em>μηνύσειεν</em></strong></span> <span class='ocrx_word' id='word_1_314' title='bbox 1169 4239 1290 4305; x_wconf 73' lang='grc' dir='ltr'><strong><em>ἀδόκητον</em></strong></span> <span class='ocrx_word' id='word_1_315' title='bbox 1311 4279 1317 4291; x_wconf 94' lang='grc'><strong>.</strong></span> <span class='ocrx_word' id='word_1_316' title='bbox 1336 4281 1342 4293; x_wconf 92' lang='grc'><strong>.</strong></span> <span class='ocrx_word' id='word_1_317' title='bbox 1570 4231 1574 4238; x_wconf 59' lang='grc'><strong>”</strong></span> 
     </span>
    </p>
   </div>
   <div class='ocr_carea' id='block_1_6' title="bbox 0 0 1732 5028">
    <p class='ocr_par' dir='ltr' id='par_1_11' title="bbox 0 0 1732 5028">
     <span class='ocr_line' id='line_1_40' title="bbox 0 0 1732 5028; baseline 0 0"><span class='ocrx_word' id='word_1_318' title='bbox 0 0 1732 5028; x_wconf 95' lang='lat' dir='ltr'> </span> 
     </span>
    </p>
   </div>
  </div>
 </body>
</html>
