3452 5036
723 422 762 486 37

135 603 193 665 οὐκ
213 648 221 665 .
245 602 411 686 ἠνείχοντο
437 603 496 676 τάς
525 601 648 692 πληγάς
683 603 718 663 ἐν
768 597 799 661 οἳ
819 598 848 660 δ’
873 597 930 662 otiu
951 598 1134 679 ἐνεγκόντες
1157 652 1163 664 .
1183 650 1189 664 .
1213 598 1272 672 τοὶς
1294 596 1350 660 ἐπὶ

133 699 325 785 όμμασικαὶ
340 697 629 785 στόμμασιοῦσας,
647 701 717 764 α’λλ’
768 699 902 781 στόμμα
951 701 1005 762 καὶ
1045 701 1114 762 κατ’
1155 699 1351 783 ὀφθαλμούς

137 855 144 868 .
165 854 172 868 .
196 853 203 865 .
224 803 344 876 άκλεῶς
365 803 558 898 ἐτράποντο.
769 799 892 882 πληγάς
913 801 1048 882 ἔφευγον
1069 798 1229 881 α’κόσμως.

221 952 363 1016 Caesaris
396 953 509 1016 milites
538 970 606 1016 oum
634 951 762 1032 Pompei
793 951 888 1014 lolem
916 949 1100 1029 cinxissent,
1136 967 1204 1013 cum
1234 948 1351 1012 decima

136 1051 257 1130 legione
287 1051 444 1115 coniuncti
475 1052 597 1131 pedites
620 1050 747 1131 Pompei
777 1049 808 1112 in
837 1067 872 1112 eo
894 1066 989 1112 cornu
1011 1047 1130 1129 positos
1153 1048 1350 1128 fugaverunt.

135 1158 222 1222 Ptol.
242 1161 263 1223 l.
279 1161 317 1222 ί..·
338 1156 594 1237 Κρασσιανός..
617 1156 720 1219 αὐτόν
769 1157 855 1237 App.
878 1155 925 1228 Π,
947 1157 1007 1219 82.·
1050 1154 1230 1236 Κράστινος
1253 1205 1286 1235 .,
1314 1154 1352 1219 ὃν
1399 1186 1402 1193 ·

137 1249 719 1344 ἐξιών...Οωθεκιεῖδεκαλ,.ἤρετο,
768 1259 898 1336 Καῖσαρ
925 1305 932 1318 .
960 1256 1055 1330 ἐξιιδν
1084 1305 1090 1319 .
1115 1305 1121 1319 .
1150 1249 1265 1339 ἤρετο,
1303 1251 1353 1318 ὅτι

137 1361 206 1430 πῶς
217 1362 350 1440 φρονοίη
364 1358 439 1437 περὶ
451 1357 631 1441 τῆςμάχης.
654 1360 671 1420 ό
681 1358 719 1420 δὲ
770 1354 980 1437 προσδοκῴη,
1011 1355 1029 1417 ὁ
1057 1356 1095 1418 δὲ
1116 1357 1272 1437 λαμπρῶς
1294 1355 1352 1418 άν-

138 1506 165 1521 ..
189 1456 350 1539 α’νεβόησε
374 1457 530 1544 »νικήσεις
552 1457 718 1540 λαμπρῶς,
769 1454 890 1538 εβόησε
920 1455 1128 1536 »νικάσομεν,
1157 1445 1185 1520 οῗ
1212 1460 1351 1537 Καίσαρ,

138 1546 323 1638 οῗΚοῐσαρ·
362 1558 420 1638 ἐμὲ
440 1557 477 1619 δὲ
497 1553 520 1645 ἢ
541 1561 645 1635 ζῶντα
666 1557 719 1644 τή-
768 1553 1349 1646 κάμδῆζιόνταἧνεκρδνάποδέξῃ,<<

137 1679 236 1738 μερον
258 1653 279 1741 η’
299 1657 413 1739 νεκρδν
435 1658 624 1732 ἐπαινέσεις.

139 1781 198 1858 Qut
222 1780 393 1846 fortissime
413 1800 556 1862 pugnans
580 1783 703 1847 occidit.

221 1915 310 1992 Quae
338 1933 388 1978 res
421 1933 608 1997 quamquam
636 1915 726 1995 parvi
756 1913 904 1978 momenti
934 1918 999 1994 est,
1029 1918 1132 1978 tamen
1161 1914 1229 1994 ipso
1252 1930 1289 1976 ea
1314 1912 1353 1976 de

139 2031 244 2093 causa,
268 2015 342 2098 quia
364 2033 431 2080 cum
454 2014 550 2078 verba
572 2015 728 2080 simillima
750 2021 826 2079 sunt
847 2019 911 2078 tum
935 2015 1101 2094 praecipue
1119 2031 1178 2076 vox
1196 2014 1352 2095 λαμπρῶς

139 2132 177 2176 ex
198 2112 282 2177 fonte
305 2113 345 2177 ab
367 2120 502 2196 utroque
525 2114 683 2195 descripta
705 2114 772 2178 loeo
795 2115 897 2194 posita
920 2120 968 2177 est
989 2115 1092 2192 vario,
1114 2113 1198 2176 locus
1221 2113 1350 2192 insignis

139 2213 263 2277 videtur
286 2213 325 2277 ad
348 2231 537 2278 communem
560 2219 717 2279 auctorem
740 2232 882 2294 graecum
906 2213 1191 2278 demonstrandum.

138 2338 224 2403 Ptol.
234 2339 294 2402 72:
315 2346 530 2420 τραπομένων
545 2339 582 2401 δὲ
596 2338 720 2402 τούτων
769 2341 853 2423 App.
876 2339 926 2418 Π,
947 2341 1006 2403 81.·
1030 2339 1203 2422 Πομπήιος
1225 2339 1253 2400 δ’
1277 2338 1350 2400 ἐπεὶ

138 2489 144 2503 .
156 2489 162 2502 .
174 2437 192 2500 o‘
198 2436 372 2520 Πομπήιος
383 2488 388 2500 .
401 2488 406 2500 .
417 2434 524 2518 ὅμοιος
533 2437 721 2522 παράφρονι
768 2441 828 2502 τίν
841 2439 967 2525 νροπην
983 2430 1082 2518 εἶδεν,
1105 2442 1231 2521 ἐκφρων
1249 2437 1352 2500 αὑτοῦ

140 2585 170 2602 ..
192 2536 293 2622 άπῄει
307 2537 415 2620 βάδην
437 2536 481 2612 εἰς
502 2537 560 2602 ιδν
581 2537 719 2619 χάρακα,
768 2539 954 2620 γενόμενος,
988 2537 1090 2622 οἷπῄει
1122 2538 1229 2620 βάδην
1259 2538 1290 2611 ἐς
1313 2537 1350 2602 ’τὸ

111 2637 230 2708 ,πάνυ
244 2639 414 2712 τοΐςέπεσι
429 2646 566 2720 πρέπων
579 2639 718 2712 ἐκείνοις·
769 2637 1005 2721 στρατόπεδον,
1035 2642 1089 2702 καὶ
1118 2639 1296 2720 παρελθόν
1318 2641 1349 2713 ἐς

138 2787 169 2803 ..
195 2737 295 2811 »Ζεδς
318 2738 355 2800 δὲ
377 2738 487 2819 πατὴρ
506 2791 512 2802 .
530 2762 556 2802 .<<
578 2741 720 2812 τοιοῦτος
768 2741 827 2828 την
854 2741 975 2826 σκηνήν
1000 2741 1174 2818 ἐκαθέζετο
1197 2735 1349 2820 άναοδος,

138 2836 181 2911 εἰς
218 2837 277 2926 την
317 2838 437 2926 σκηνην
473 2840 654 2919 παρελθών
682 2835 719 2903 ά·
768 2834 839 2904 οἷόν
862 2863 893 2903 τι
923 2841 976 2903 καὶ
997 2841 1055 2905 τόν
1081 2842 1273 2922 Τελαμῶνος
1293 2842 1348 2905 Αἴ-

138 2942 282 3020 φδογγος-
295 2941 456 3025 καθῆστο,
480 2950 573 3021 μέχρι
593 2929 633 3004 οὗ
652 2945 720 3014 τοῖς
768 2941 852 3004 αντά
876 2959 979 3024 φασιν
1001 2943 1037 3004 ἐν
1057 2943 1138 3022 Ἰλίῳ
1160 2946 1316 3005 παθεῖν.
1342 2993 1348 3005 .

138 3036 293 3120 φεύγουσι
316 3040 430 3103 πολλοὶ
454 3039 621 3113 διώκοντες
645 3060 718 3104 σνν-
742 3121 745 3130 ,
767 3042 838 3106 inde
863 3049 966 3105 castra
991 3048 1251 3122 oppugnaverunt
1273 3040 1290 3103 ὁ
1312 3041 1350 3103 δὲ

137 3147 338 3202 εισέπιπτον·
369 3137 445 3201 τότε
458 3139 496 3201 δὲ
512 3141 625 3226 φωνην
638 3145 719 3222 μίαν
768 3141 1349 3230 Πομπήιος..τοσοῦτονάπέῤῥηξεν
1392 3217 1397 3238 N

137 3239 233 3321 α’φεὶς
262 3235 385 3323 ταύτην
416 3237 551 3302 »οὐκοῦν
578 3241 631 3302 καὶ
662 3241 719 3303 ἐπὶ
770 3237 906 3305 »οὐκοῦν
945 3244 999 3304 καὶ
1038 3243 1095 3305 ἐπὶ
1127 3241 1186 3304 τδν
1220 3240 1349 3322 χάρακα

137 3341 196 3426 την
229 3338 440 3427 παρεμβολήν
450 3363 465 3396 «
498 3390 505 3404 .
535 3390 542 3404 .
571 3341 719 3415 α’ναστάς
766 3341 894 3427 lipom«
918 3345 971 3405 καὶ
987 3343 1090 3408 εἰπών
1104 3340 1164 3426 τήν
1177 3365 1213 3403 τε
1230 3341 1349 3424 στολήν

137 3440 190 3503 καὶ
220 3439 333 3522 λαβοίν
361 3441 492 3522 ἐσθῆτα
514 3492 520 3504 .
545 3487 553 3505 .
580 3439 719 3523 όπεξῆλ-
768 3441 931 3526 ἐπήλλαξέ
959 3445 1013 3507 καὶ
1040 3441 1146 3507 ἵππον
1168 3442 1287 3523 ἐπιβάς
1309 3494 1314 3507 .
1339 3493 1347 3510 .

136 3542 201 3602 θεν
223 3587 229 3600 .
253 3589 260 3602 .
767 3542 883 3624 effugit.

219 3671 279 3750 Qui
307 3672 364 3735 loci
396 3671 477 3733 omni
506 3689 544 3734 ex
576 3676 666 3750 parte
688 3671 833 3736 simillimi
853 3675 977 3739 maximi
1001 3652 1147 3740 momenti
1170 3679 1245 3738 sunt
1266 3692 1346 3738 oom-

136 3773 299 3854 paratione
317 3771 356 3835 ab
380 3774 513 3850 utroque
535 3788 603 3833 cum
627 3771 721 3836 Aiace
740 3772 832 3838 facta.

138 3909 157 3970 l.
181 3903 223 3968 l.:
258 3896 356 3984 φόνος
387 3950 393 3964 .
424 3946 430 3959 ·
460 3894 561 3968 πολύς
592 3897 717 3976 ἐγένετο
766 3899 851 3984 App.
863 3901 978 3978 Π,82.·
995 3901 1173 3965 accuratius
1184 3907 1346 3962 enumerat

137 4001 392 4087 σκηνοφυλάκων
414 4002 467 4064 καὶ
489 3994 718 4077 θεραπόντων·
766 4000 924 4079 copiarum
942 4003 972 4065 in
988 4000 1044 4064 hac
1059 4017 1166 4080 pugna
1183 4015 1345 4062 caesarum

138 4100 337 4185 στρατιώτας
363 4104 399 4166 δὲ
421 4105 539 4188 μόνονί
559 4091 717 4175 ἕξακισχι·
766 4118 910 4163 numeros
926 4107 957 4163 et
973 4099 1059 4164 addit
1075 4100 1179 4180 οἱμὲν
1196 4098 1346 4179 ἐπαίρονς

136 4205 221 4278 λίονς
265 4207 383 4268 πεσεῖν
426 4224 525 4288 φησιν
565 4195 717 4271 Ἀσίννιος
765 4206 816 4272 τές
839 4218 921 4282 φασι
938 4199 1125 4282 δισμυρίους
1147 4198 1203 4260 ἐπὶ
1225 4219 1344 4259 πεντα-

136 4305 300 4384 Πολλίων,
335 4314 560 4386 μεμαχημένος
591 4306 716 4386 ἐκείνην
764 4301 926 4378 κισχιλίοις
947 4351 954 4365 .
977 4301 1105 4371 Ἀσίνιος
1129 4297 1167 4360 δὲ
1185 4297 1343 4376 Πολλίων,
