3452 5036
987 435 1027 498 00

399 613 486 678 Ρίυί.
510 617 572 677 1οτ
617 608 724 676 ἄλλων
766 612 805 676 δὲ
849 611 978 676 πολλῶν
1028 611 1111 696 App.
1131 614 1190 676 95:
1222 607 1307 688 μετοὶ
1335 610 1464 674 πολλῶν
1490 613 1617 695 ἐπιφα·
1708 649 1709 652 ¹

397 711 545 794 μεγάλων
561 712 717 796 φυγάδων
732 765 738 778 .
752 764 759 779 .
774 715 831 776 ἐπὶ
846 710 978 786 τούτους
1027 714 1091 775 νῶν
1114 759 1121 774 .
1140 761 1145 773 .
1169 710 1341 792 Πομπήιος
1362 710 1529 774 ἐστέλλετο
1551 711 1617 774 ἐπὶ

397 811 569 897 Πομπήιος
590 812 774 898 α’πεστόλη.
1026 810 1197 892 Κάρβωνα.
1708 891 1709 894 ¹

480 913 653 979 Carbonem
677 913 832 993 vinctum,
861 913 986 978 tertium
1008 911 1181 989 consulem,
1209 911 1368 976 damnavit
1391 917 1423 975 ct
1443 911 1617 978 interfecit.

397 1012 482 1078 Plus.
499 1017 518 1078 l.
535 1013 571 1078 λε
594 1012 729 1094 δέσμιον
749 1063 756 1077 .
776 1064 783 1078 .
806 1013 874 1095 τρὶς
894 1011 979 1074 rino-
1027 1011 1111 1095 App.
1120 1016 1175 1076 96:
1200 1010 1379 1093 δεσμώτην,
1393 1009 1616 1093 τρισόπατον.

395 1112 562 1178 τεόσαντα
585 1155 622 1178 ,ι

476 1230 562 1296 Plut.
577 1228 616 1292 11
631 1229 717 1310 App.
735 1232 778 1293 80
801 1227 883 1292 bello
897 1228 927 1292 in
947 1228 1050 1293 Sicilia
1066 1227 1206 1292 conlecto
1230 1227 1395 1306 Pompeius
1419 1227 1450 1291 in
1473 1227 1614 1291 Africam

396 1331 508 1394 missus
529 1334 578 1394 est
595 1334 703 1392 contra
725 1327 831 1392 hostes
853 1327 1070 1409 reipublicae,
1092 1327 1196 1411 ibique
1220 1346 1255 1391 re
1274 1328 1353 1391 bene
1371 1333 1459 1407 gesta
1480 1327 1617 1409 Hiemp-

395 1429 492 1495 salem
515 1430 545 1493 in
568 1447 699 1510 reguum
722 1429 870 1493 restituit.
1709 1483 1710 1510 Ξ

477 1529 636 1615 Uterque,
666 1547 735 1594 curn
759 1529 798 1593 de
822 1526 981 1609 triumpho
1004 1527 1097 1607 dicit,
1126 1529 1257 1608 gloriam
1287 1527 1449 1609 praedicat
1470 1528 1614 1610 Pompei,

397 1630 511 1714 quippe
534 1629 586 1710 qui
609 1628 863 1694 adulescentulus
886 1627 981 1690 luerit
1002 1632 1035 1691 et
1055 1629 1194 1710 equestri
1215 1627 1284 1691 loco
1307 1636 1408 1692 ortus.

353 1715 357 1724 ’
479 1729 564 1796 Plat.
586 1730 626 1793 14
648 1729 734 1809 App.
759 1731 802 1793 80
831 1734 964 1807 uterque
985 1727 1134 1808 Lepidum
1167 1735 1199 1791 et
1222 1729 1363 1794 Catulum
1387 1729 1528 1793 consules
1550 1729 1615 1793 sibi

396 1828 528 1894 infestos
547 1829 640 1894 fuisse
663 1834 771 1892 narrat
792 1834 824 1892 et
839 1826 987 1908 Lepidum
1013 1827 1085 1892 tabe
1103 1835 1260 1892 mortuum
1281 1847 1358 1894 esse.
1395 1829 1473 1894 Post
1491 1828 1614 1893 Cinnae

395 1934 527 1994 mortem
551 1928 653 1995 Carbo
675 1931 714 1993 ab
743 1933 877 2011 utroque
899 1945 1037 1991 summus
1061 1927 1238 2008 appellatur
1268 1929 1333 1992 eius
1361 1927 1505 1992 lectionis
1527 1928 1612 2008 dux;

395 2028 494 2093 multa
515 2029 578 2093 alia
599 2028 815 2109 reperiuntur,
843 2044 923 2108 quae
952 2027 1161 2092 similitudinis
1183 2045 1259 2107 prae
1281 2046 1314 2091 sc
1339 2027 1443 2090 ierant
1464 2027 1613 2107 speciem.

397 2129 464 2194 Nec
486 2148 559 2194 vero
581 2129 738 2194 sententia
766 2128 866 2192 solum
893 2128 1063 2194 sedetiam
1094 2129 1325 2192 constructione
1347 2126 1510 2191 verborum
1537 2145 1613 2192 con-

377 2229 551 2307 sentiunt,
574 2235 610 2292 ut

396 2329 565 2395 Plut.c.8:
587 2329 617 2391 in
630 2325 977 2406 rebusgerendisPom·
1026 2327 1110 2411 App.
1121 2328 1151 2410 1,
1161 2329 1217 2392 8οε
1240 2328 1345 2394 Sullae
1365 2329 1517 2393 maximae
1536 2335 1609 2394 erat
1710 2377 1711 2400 2

395 2430 485 2512 peius
504 2428 644 2492 elucebat
666 2434 697 2491 et
721 2433 832 2490 auctus
855 2432 913 2500 est,
938 2425 978 2500 ὠς
1026 2427 1194 2508 Pompeius
1210 2426 1349 2509 utilitati,
1374 2424 1457 2490 ὅθεν
1472 2428 1609 2492 ariarico
1710 2457 1711 2460 ¹

394 2529 455 2610 γαρ
476 2519 565 2590 εἶδεν
585 2526 688 2590 αὐτόν
715 2525 733 2590 o‘
754 2524 880 2619 Σρλλας
900 2548 977 2606 προ·
1026 2525 1159 2604 Σύλλας,
1181 2530 1229 2590 ἔτι
1244 2526 1406 2590 νεώτατον
1421 2522 1511 2608 ὄντα,
1533 2519 1609 2617 ἦγεν

396 2625 857 2713 σιόντα..όποπηδήσαςτοῦ
871 2623 977 2687 ἵππου
1026 2625 1061 2688 ἐν
1082 2630 1172 2709 τιμῇ·
1217 2627 1271 2690 καὶ
1299 2627 1463 2708 ἐπιόντος,
1495 2630 1608 2712 φασὶν,

454 2727 551 2807 α’νδρὶ
566 2733 626 2807 νέῳ
640 2727 693 2788 καὶ
709 2725 847 2808 μηδέπω
861 2725 977 2811 βουλῆς
1025 2724 1233 2789 ὑπανίστατο
1252 2726 1344 2809 μόνῳ
1367 2778 1373 2790 .
1393 2778 1400 2792 .
1417 2778 1423 2791 .
1441 2778 1447 2791 .
1468 2777 1475 2792 .
1497 2775 1504 2790 .
1525 2777 1531 2790 .
1553 2731 1608 2791 καὶ

394 2835 562 2910 μετέχοντι
670 2826 976 2906 ὑπεξανισταμένου
1026 2826 1073 2887 ἔτι
1095 2823 1165 2888 ὄντι
1186 2830 1251 2889 τῶν
1274 2827 1413 2892 ἱππέων.

396 2950 433 2989 τε
453 2923 623 3007 προσιόντι
643 2924 807 3006 Πομπηίῳ
828 2924 882 2985 καὶ
899 2974 974 2990 .....
1085 2914 1088 2920 ¹
1711 2985 1712 3004 ,

481 3026 548 3103 Quo
581 3024 646 3089 loco
680 3022 788 3088 eadem
817 3024 923 3088 eodem
956 3025 1064 3091 ordine
1096 3024 1245 3089 similibus
1275 3026 1376 3089 uerbis
1409 3026 1493 3091 dicta
1524 3033 1604 3109 sunt,
1711 3021 1712 3024 ’

398 3125 513 3191 eisdem
534 3142 656 3207 quoque
679 3121 780 3186 verbis
801 3122 925 3187 eadem:
1274 3151 1276 3157 v

398 3225 485 3290 Ptol.
508 3244 533 3289 c.
552 3227 607 3288 15:
639 3224 711 3294 ταῖς
739 3220 913 3306 διαθήκαις
942 3223 980 3295 ἃς
1029 3225 1112 3306 App.
1129 3226 1206 3287 105:
1229 3223 1389 3307 διαθήκας
1409 3233 1605 3308 συνέγραφεν

399 3325 552 3409 ἔγραψεν.
612 3321 696 3404 μηδὲ
739 3320 883 3404 δημοσία
921 3321 981 3404 τήν
1031 3323 1272 3386 ...Λεπίδου
1295 3324 1348 3386 καὶ
1369 3327 1435 3386 τῶν
1455 3325 1543 3406 α’μφὶ
1563 3333 1604 3388 Λ.

399 3423 542 3506 ἐκφοροέν
556 3425 721 3502 γενέσθαι.
752 3421 905 3483 Λεπίδου
926 3426 984 3484 καί
1030 3422 1258 3502 ἐνισταμένων.

399 3546 495 3586 τινων
517 3519 625 3584 ἄλλων
648 3521 875 3601 ἐνισταμένων.

482 3623 639 3688 Summam
669 3620 767 3700 igitur
797 3620 928 3698 singulis
955 3616 1028 3683 locis
1055 3639 1181 3685 cernere
1210 3621 1282 3685 licet
1303 3621 1464 3686 Plutarchi
1494 3630 1525 3685 ct
1546 3625 1606 3702 hp-

399 3723 485 3806 piani
508 3721 750 3787 similitudinem.
787 3720 850 3784 Nec
866 3739 939 3785 vero
955 3721 1070 3785 desunt
1091 3722 1232 3785 diversae
1254 3723 1417 3802 utriusque
1440 3722 1478 3786 de
1501 3721 1605 3785 eadem

399 3842 433 3888 re
455 3821 662 3886 narrationes.
703 3819 772 3884 Alia
790 3822 869 3884 enim
883 3820 1080 3902 Plutarchus,
1105 3828 1140 3885 ut
1158 3821 1279 3901 singula
1298 3840 1334 3885 ex
1352 3839 1480 3886 numero
1496 3841 1605 3902 magno

400 3911 573 4002 proferam,
603 3919 676 3984 dicit
698 3919 736 3982 de
763 3923 864 3983 morte
891 3919 1024 3998 Cinnae,
1053 3921 1114 3984 alia
1135 3923 1311 4001 Appianum
1349 3940 1409 3985 non
1433 3931 1606 4002 congruunt

402 4039 482 4102 quae
502 4018 689 4084 Plutarchus
712 4025 744 4082 et
765 4019 923 4101 Appianus
946 4020 983 4083 de
995 4019 1121 4101 Pompei
1144 4028 1254 4085 contra
1279 4019 1453 4085 Carbonem
1476 4029 1607 4088 ceteros-

401 4139 461 4202 que
483 4119 620 4184 inimicos
643 4117 891 4198 expeditionibus
913 4127 1054 4184 narrant.
1092 4120 1157 4185 Nec
1173 4122 1337 4201 quicquam
1360 4120 1434 4185 dicit
1450 4124 1607 4204 Appianus

401 4221 441 4285 de
460 4217 588 4300 Pompei
609 4218 701 4282 rebus
725 4217 906 4283 domesticis
928 4237 964 4283 ac
985 4218 1190 4285 familiaribus
1214 4221 1311 4284 fusius
1325 4240 1351 4312 'a
1365 4221 1535 4286 Plutarcho
1557 4224 1607 4287 de-

401 4319 536 4400 scriptis.
