<?xml version="1.0" encoding="UTF-8"?>
<!DOCTYPE html PUBLIC "-//W3C//DTD XHTML 1.0 Transitional//EN"
    "http://www.w3.org/TR/xhtml1/DTD/xhtml1-transitional.dtd">
<html xmlns="http://www.w3.org/1999/xhtml" xml:lang="en" lang="en">
 <head>
  <title>
</title>
<meta http-equiv="Content-Type" content="text/html;charset=utf-8" />
  <meta name='ocr-system' content='tesseract 3.04.00' />
  <meta name='ocr-capabilities' content='ocr_page ocr_carea ocr_par ocr_line ocrx_word'/>
</head>
<body>
  <div class='ocr_page' id='page_1' title='image "./quaestionesplut00vogegoog_0024.png"; bbox 0 0 3452 5036; ppageno 0'>
   <div class='ocr_carea' id='block_1_1' title="bbox 689 455 725 518">
    <p class='ocr_par' dir='ltr' id='par_1_1' title="bbox 689 455 725 518">
     <span class='ocr_line' id='line_1_1' title="bbox 689 455 725 518; baseline 0 0"><span class='ocrx_word' id='word_1_1' title='bbox 689 455 725 518; x_wconf 90' lang='lat'><strong><em>17</em></strong></span> 
     </span>
    </p>
   </div>
   <div class='ocr_carea' id='block_1_2' title="bbox 58 625 1414 3067">
    <p class='ocr_par' dir='ltr' id='par_1_2' title="bbox 100 625 1384 1619">
     <span class='ocr_line' id='line_1_2' title="bbox 100 625 1310 724; baseline 0.005 -23"><span class='ocrx_word' id='word_1_2' title='bbox 100 625 146 701; x_wconf 73' lang='grc' dir='ltr'><strong><em>τόν</em></strong></span> <span class='ocrx_word' id='word_1_3' title='bbox 167 626 210 724; x_wconf 80' lang='grc' dir='ltr'><strong><em>ήν</em></strong></span> <span class='ocrx_word' id='word_1_4' title='bbox 229 639 272 700; x_wconf 82' lang='grc' dir='ltr'><strong><em>τά</em></strong></span> <span class='ocrx_word' id='word_1_5' title='bbox 294 637 400 704; x_wconf 80' lang='grc' dir='ltr'><strong><em>πολλοί</em></strong></span> <span class='ocrx_word' id='word_1_6' title='bbox 421 638 566 702; x_wconf 83' lang='grc' dir='ltr'><strong><em>τοιαῦτα·</em></strong></span> <span class='ocrx_word' id='word_1_7' title='bbox 609 659 681 698; x_wconf 87' lang='grc' dir='ltr'><strong><em>ικα-</em></strong></span> <span class='ocrx_word' id='word_1_8' title='bbox 731 639 840 703; x_wconf 85' lang='grc' dir='ltr'><strong><em>πλεοιν</em></strong></span> <span class='ocrx_word' id='word_1_9' title='bbox 896 636 1095 722; x_wconf 75' lang='grc' dir='ltr'><em>γραμμάτων</em></span> <span class='ocrx_word' id='word_1_10' title='bbox 1146 635 1310 707; x_wconf 73' lang='grc' dir='ltr'><strong><em>τοιούτων.</em></strong></span> 
     </span>
     <span class='ocr_line' id='line_1_3' title="bbox 101 722 1312 822; baseline 0.001 -19"><span class='ocrx_word' id='word_1_11' title='bbox 101 739 243 818; x_wconf 87' lang='grc' dir='ltr'><strong><em>θεόδεις,</em></strong></span> <span class='ocrx_word' id='word_1_12' title='bbox 266 722 297 800; x_wconf 70' lang='grc' dir='ltr'><strong><em>τό</em></strong></span> <span class='ocrx_word' id='word_1_13' title='bbox 310 741 455 821; x_wconf 86' lang='grc' dir='ltr'><strong><em>Βροῦτε&lt;&lt;</em></strong></span> <span class='ocrx_word' id='word_1_14' title='bbox 477 738 531 801; x_wconf 81' lang='grc' dir='ltr'><strong><em>καλ</em></strong></span> <span class='ocrx_word' id='word_1_15' title='bbox 556 737 632 801; x_wconf 76' lang='lat' dir='ltr'>»cuin</span> <span class='ocrx_word' id='word_1_16' title='bbox 653 726 686 798; x_wconf 76' lang='grc' dir='ltr'><strong><em>εἴ</em></strong></span> <span class='ocrx_word' id='word_1_17' title='bbox 708 758 713 768; x_wconf 89' lang='grc'><em>·</em></span> <span class='ocrx_word' id='word_1_18' title='bbox 734 741 888 822; x_wconf 85' lang='grc' dir='ltr'><strong><em>ιιΒροῦτε,</em></strong></span> <span class='ocrx_word' id='word_1_19' title='bbox 906 739 1112 819; x_wconf 85' lang='grc' dir='ltr'><strong><em>καθεόδεις;&lt;&lt;</em></strong></span> <span class='ocrx_word' id='word_1_20' title='bbox 1138 742 1201 804; x_wconf 79' lang='grc' dir='ltr'><strong><em>καὶ·</em></strong></span> <span class='ocrx_word' id='word_1_21' title='bbox 1237 741 1312 806; x_wconf 81' lang='grc' dir='ltr'><strong><em>ιοόκ</em></strong></span> 
     </span>
     <span class='ocr_line' id='line_1_4' title="bbox 101 832 1313 924; baseline -0.003 -21"><span class='ocrx_word' id='word_1_22' title='bbox 101 842 272 923; x_wconf 61' lang='lat' dir='ltr'><strong><em>Bouthoe«</em></strong></span> <span class='ocrx_word' id='word_1_23' title='bbox 296 888 320 904; x_wconf 86' lang='grc'><strong><em>..</em></strong></span> <span class='ocrx_word' id='word_1_24' title='bbox 345 840 421 924; x_wconf 83' lang='grc' dir='ltr'><strong><em>περὶ</em></strong></span> <span class='ocrx_word' id='word_1_25' title='bbox 441 840 608 903; x_wconf 79' lang='grc' dir='ltr'><strong><em>Ἀντωνίου</em></strong></span> <span class='ocrx_word' id='word_1_26' title='bbox 629 836 683 899; x_wconf 83' lang='grc' dir='ltr'><strong><em>καὶ</em></strong></span> <span class='ocrx_word' id='word_1_27' title='bbox 733 832 765 904; x_wconf 82' lang='grc' dir='ltr'><strong><em>εἶ</em></strong></span> <span class='ocrx_word' id='word_1_28' title='bbox 784 843 927 924; x_wconf 79' lang='grc' dir='ltr'><strong><em>Βροῦτος</em></strong></span> <span class='ocrx_word' id='word_1_29' title='bbox 946 841 1163 924; x_wconf 81' lang='grc' dir='ltr'><strong><em>άληθῶς..,«</em></strong></span> <span class='ocrx_word' id='word_1_30' title='bbox 1206 842 1313 905; x_wconf 83' lang='grc' dir='ltr'><strong><em>Ἀντω-</em></strong></span> 
     </span>
     <span class='ocr_line' id='line_1_5' title="bbox 103 936 1314 1023; baseline 0.002 -21"><span class='ocrx_word' id='word_1_31' title='bbox 103 939 292 1020; x_wconf 77' lang='grc' dir='ltr'><strong><em>Δολαβελλα</em></strong></span> <span class='ocrx_word' id='word_1_32' title='bbox 309 939 460 1020; x_wconf 77' lang='grc' dir='ltr'><strong><em>διαβολῆς</em></strong></span> <span class='ocrx_word' id='word_1_33' title='bbox 474 939 556 1020; x_wconf 86' lang='grc' dir='ltr'><strong><em>πρός</em></strong></span> <span class='ocrx_word' id='word_1_34' title='bbox 572 936 683 1017; x_wconf 70' lang='grc' dir='ltr'><strong><em>αὐτόν,</em></strong></span> <span class='ocrx_word' id='word_1_35' title='bbox 733 945 803 1004; x_wconf 90' lang='grc' dir='ltr'><strong><em>νίοο</em></strong></span> <span class='ocrx_word' id='word_1_36' title='bbox 832 941 886 1004; x_wconf 85' lang='grc' dir='ltr'><strong><em>καὶ</em></strong></span> <span class='ocrx_word' id='word_1_37' title='bbox 914 940 1104 1023; x_wconf 76' lang='grc' dir='ltr'><strong><em>Δολαβέλλα</em></strong></span> <span class='ocrx_word' id='word_1_38' title='bbox 1135 939 1314 1023; x_wconf 76' lang='grc' dir='ltr'><strong><em>λεγομενων</em></strong></span> 
     </span>
     <span class='ocr_line' id='line_1_6' title="bbox 103 1036 1315 1123; baseline 0.002 -22"><span class='ocrx_word' id='word_1_39' title='bbox 103 1039 145 1113; x_wconf 74' lang='grc' dir='ltr'><strong><em>τός</em></strong></span> <span class='ocrx_word' id='word_1_40' title='bbox 172 1043 403 1120; x_wconf 75' lang='grc' dir='ltr'><strong><em>νεωτερίζοιεν,</em></strong></span> <span class='ocrx_word' id='word_1_41' title='bbox 436 1037 598 1122; x_wconf 83' lang='grc' dir='ltr'><strong><em>ἐλθούσης</em></strong></span> <span class='ocrx_word' id='word_1_42' title='bbox 628 1036 685 1101; x_wconf 83' lang='grc' dir='ltr'><strong><em>ιοό</em></strong></span> <span class='ocrx_word' id='word_1_43' title='bbox 733 1045 937 1123; x_wconf 78' lang='grc' dir='ltr'><strong><em>νεωτερίζειν,</em></strong></span> <span class='ocrx_word' id='word_1_44' title='bbox 960 1041 1016 1103; x_wconf 77' lang='grc' dir='ltr'><strong><em>οὐκ</em></strong></span> <span class='ocrx_word' id='word_1_45' title='bbox 1033 1043 1095 1123; x_wconf 80' lang='grc' dir='ltr'><strong><em>ἔφη</em></strong></span> <span class='ocrx_word' id='word_1_46' title='bbox 1111 1040 1188 1114; x_wconf 87' lang='grc' dir='ltr'><strong><em>τοδς</em></strong></span> <span class='ocrx_word' id='word_1_47' title='bbox 1199 1045 1315 1120; x_wconf 88' lang='grc' dir='ltr'><strong><em>παχεῖς</em></strong></span> 
     </span>
     <span class='ocr_line' id='line_1_7' title="bbox 104 1137 1316 1225; baseline 0.004 -25"><span class='ocrx_word' id='word_1_48' title='bbox 104 1138 213 1201; x_wconf 66' lang='grc' dir='ltr'><strong><em>πάνυ(</em></strong></span> <span class='ocrx_word' id='word_1_49' title='bbox 245 1138 349 1221; x_wconf 80' lang='grc' dir='ltr'><strong><em>φάναι</em></strong></span> <span class='ocrx_word' id='word_1_50' title='bbox 381 1137 530 1213; x_wconf 79' lang='grc' dir='ltr'><strong><em>»τούτους</em></strong></span> <span class='ocrx_word' id='word_1_51' title='bbox 554 1139 685 1202; x_wconf 77' lang='grc' dir='ltr'><strong><em>δέδοικα</em></strong></span> <span class='ocrx_word' id='word_1_52' title='bbox 733 1141 788 1203; x_wconf 85' lang='grc' dir='ltr'><strong><em>καὶ</em></strong></span> <span class='ocrx_word' id='word_1_53' title='bbox 804 1139 945 1225; x_wconf 77' lang='grc' dir='ltr'><strong><em>κομήτας</em></strong></span> <span class='ocrx_word' id='word_1_54' title='bbox 966 1140 1119 1221; x_wconf 76' lang='grc' dir='ltr'><strong><em>ἐνοχλεῖν,</em></strong></span> <span class='ocrx_word' id='word_1_55' title='bbox 1143 1141 1227 1207; x_wconf 81' lang='grc' dir='ltr'><strong><em>α’λλδ</em></strong></span> <span class='ocrx_word' id='word_1_56' title='bbox 1242 1140 1316 1216; x_wconf 86' lang='grc' dir='ltr'><strong><em>τοδς</em></strong></span> 
     </span>
     <span class='ocr_line' id='line_1_8' title="bbox 103 1235 1384 1325; baseline 0.002 -25"><span class='ocrx_word' id='word_1_57' title='bbox 103 1235 178 1324; x_wconf 89' lang='grc' dir='ltr'><strong><em>τοδς</em></strong></span> <span class='ocrx_word' id='word_1_58' title='bbox 191 1241 308 1317; x_wconf 90' lang='grc' dir='ltr'><strong><em>παχεῖς</em></strong></span> <span class='ocrx_word' id='word_1_59' title='bbox 320 1237 375 1300; x_wconf 85' lang='grc' dir='ltr'><strong><em>καὶ</em></strong></span> <span class='ocrx_word' id='word_1_60' title='bbox 391 1235 542 1325; x_wconf 81' lang='grc' dir='ltr'><strong><em>κομήτας,</em></strong></span> <span class='ocrx_word' id='word_1_61' title='bbox 560 1239 685 1320; x_wconf 85' lang='grc' dir='ltr'><strong><em>μάλλον</em></strong></span> <span class='ocrx_word' id='word_1_62' title='bbox 735 1239 855 1324; x_wconf 81' lang='grc' dir='ltr'><strong><em>ιόχροδς</em></strong></span> <span class='ocrx_word' id='word_1_63' title='bbox 897 1241 950 1303; x_wconf 81' lang='grc' dir='ltr'><strong><em>καὶ</em></strong></span> <span class='ocrx_word' id='word_1_64' title='bbox 995 1239 1124 1320; x_wconf 80' lang='grc' dir='ltr'><strong><em>ι’σχνοδς</em></strong></span> <span class='ocrx_word' id='word_1_65' title='bbox 1166 1243 1314 1315; x_wconf 81' lang='grc' dir='ltr'><strong><em>ἐκείνους·</em></strong></span> <span class='ocrx_word' id='word_1_66' title='bbox 1378 1283 1384 1297; x_wconf 76' lang='lat'><strong>·</strong></span> 
     </span>
     <span class='ocr_line' id='line_1_9' title="bbox 104 1335 1254 1422; baseline 0.004 -22"><span class='ocrx_word' id='word_1_67' title='bbox 104 1338 142 1400; x_wconf 77' lang='grc' dir='ltr'><strong><em>δε</em></strong></span> <span class='ocrx_word' id='word_1_68' title='bbox 184 1336 259 1410; x_wconf 88' lang='grc' dir='ltr'><strong><em>τοδς</em></strong></span> <span class='ocrx_word' id='word_1_69' title='bbox 301 1339 420 1421; x_wconf 81' lang='grc' dir='ltr'><strong><em>εόχροδς</em></strong></span> <span class='ocrx_word' id='word_1_70' title='bbox 451 1335 510 1402; x_wconf 87' lang='grc' dir='ltr'><strong><em>καῖ</em></strong></span> <span class='ocrx_word' id='word_1_71' title='bbox 547 1338 687 1411; x_wconf 86' lang='grc' dir='ltr'><strong><em>λεπτοδς</em></strong></span> <span class='ocrx_word' id='word_1_72' title='bbox 737 1342 883 1422; x_wconf 79' lang='grc' dir='ltr'><strong><em>Βροῦτον</em></strong></span> <span class='ocrx_word' id='word_1_73' title='bbox 902 1340 1000 1422; x_wconf 77' lang='grc' dir='ltr'><strong><em>λέγων</em></strong></span> <span class='ocrx_word' id='word_1_74' title='bbox 1020 1341 1074 1403; x_wconf 86' lang='grc' dir='ltr'><strong><em>καῖ</em></strong></span> <span class='ocrx_word' id='word_1_75' title='bbox 1097 1340 1254 1406; x_wconf 83' lang='grc' dir='ltr'><strong><em>Κάσσιον.</em></strong></span> 
     </span>
     <span class='ocr_line' id='line_1_10' title="bbox 106 1434 1242 1520; baseline -0.001 -20"><span class='ocrx_word' id='word_1_76' title='bbox 106 1437 273 1511; x_wconf 88' lang='grc' dir='ltr'><strong><em>ἐκείνους·&lt;&lt;</em></strong></span> <span class='ocrx_word' id='word_1_77' title='bbox 326 1439 478 1505; x_wconf 84' lang='grc' dir='ltr'><strong><em>Κάσσιον</em></strong></span> <span class='ocrx_word' id='word_1_78' title='bbox 507 1437 606 1520; x_wconf 70' lang='grc' dir='ltr'><strong><em>λέγων</em></strong></span> <span class='ocrx_word' id='word_1_79' title='bbox 634 1437 688 1499; x_wconf 84' lang='grc' dir='ltr'><strong><em>καὶ</em></strong></span> <span class='ocrx_word' id='word_1_80' title='bbox 1187 1443 1190 1447; x_wconf 80' lang='grc'><strong>’</strong></span> <span class='ocrx_word' id='word_1_81' title='bbox 1240 1434 1242 1440; x_wconf 74' lang='grc'><strong>’</strong></span> 
     </span>
     <span class='ocr_line' id='line_1_11' title="bbox 106 1541 325 1619; baseline -0.009 -18"><span class='ocrx_word' id='word_1_82' title='bbox 106 1541 262 1619; x_wconf 84' lang='grc' dir='ltr'><strong><em>Βροῦτον.</em></strong></span> <span class='ocrx_word' id='word_1_83' title='bbox 284 1571 325 1584; x_wconf 90' lang='lat'><strong><em>·-</em></strong></span> 
     </span>
    </p>

    <p class='ocr_par' dir='ltr' id='par_1_3' title="bbox 58 1653 1414 2951">
     <span class='ocr_line' id='line_1_12' title="bbox 191 1653 1317 1736; baseline 0 -16"><span class='ocrx_word' id='word_1_84' title='bbox 191 1655 322 1736; x_wconf 84' lang='lat' dir='ltr'>Appiani</span> <span class='ocrx_word' id='word_1_85' title='bbox 355 1654 427 1718; x_wconf 88' lang='lat' dir='ltr'>mihi</span> <span class='ocrx_word' id='word_1_86' title='bbox 456 1654 549 1718; x_wconf 83' lang='lat' dir='ltr'>liceat</span> <span class='ocrx_word' id='word_1_87' title='bbox 576 1653 635 1719; x_wconf 94' lang='lat' dir='ltr'><strong><em>hoc</em></strong></span> <span class='ocrx_word' id='word_1_88' title='bbox 659 1654 725 1718; x_wconf 88' lang='lat' dir='ltr'>loco</span> <span class='ocrx_word' id='word_1_89' title='bbox 749 1653 846 1717; x_wconf 84' lang='lat' dir='ltr'>citare</span> <span class='ocrx_word' id='word_1_90' title='bbox 870 1653 899 1716; x_wconf 91' lang='lat' dir='ltr'><strong><em>b.</em></strong></span> <span class='ocrx_word' id='word_1_91' title='bbox 922 1672 947 1718; x_wconf 92' lang='lat' dir='ltr'><strong><em>c.</em></strong></span> <span class='ocrx_word' id='word_1_92' title='bbox 967 1655 1005 1732; x_wconf 86' lang='grc' dir='ltr'><strong><em>ΙΙ,</em></strong></span> <span class='ocrx_word' id='word_1_93' title='bbox 1026 1658 1097 1732; x_wconf 79' lang='lat'>112:</span> <span class='ocrx_word' id='word_1_94' title='bbox 1127 1656 1257 1736; x_wconf 81' lang='grc' dir='ltr'><strong><em>Καῖσαρ</em></strong></span> <span class='ocrx_word' id='word_1_95' title='bbox 1280 1701 1317 1720; x_wconf 94' lang='grc'><strong><em>..</em></strong></span> 
     </span>
     <span class='ocr_line' id='line_1_13' title="bbox 106 1751 1319 1838; baseline -0.002 -20"><span class='ocrx_word' id='word_1_96' title='bbox 106 1755 232 1835; x_wconf 82' lang='grc' dir='ltr'><strong><em>λέγεται</em></strong></span> <span class='ocrx_word' id='word_1_97' title='bbox 253 1754 336 1836; x_wconf 86' lang='grc' dir='ltr'><strong><em>πρός</em></strong></span> <span class='ocrx_word' id='word_1_98' title='bbox 357 1755 431 1828; x_wconf 90' lang='grc' dir='ltr'><strong><em>τοδς</em></strong></span> <span class='ocrx_word' id='word_1_99' title='bbox 452 1753 563 1838; x_wconf 89' lang='grc' dir='ltr'><strong><em>φίλους</em></strong></span> <span class='ocrx_word' id='word_1_100' title='bbox 586 1751 702 1833; x_wconf 85' lang='grc' dir='ltr'><strong><em>εἰπεῖν,</em></strong></span> <span class='ocrx_word' id='word_1_101' title='bbox 726 1753 767 1827; x_wconf 70' lang='grc' dir='ltr'><strong><em>οῖς</em></strong></span> <span class='ocrx_word' id='word_1_102' title='bbox 789 1754 832 1818; x_wconf 84' lang='grc' dir='ltr'><strong><em>τά</em></strong></span> <span class='ocrx_word' id='word_1_103' title='bbox 852 1758 913 1836; x_wconf 80' lang='grc' dir='ltr'><strong><em>μὲν</em></strong></span> <span class='ocrx_word' id='word_1_104' title='bbox 936 1754 1046 1818; x_wconf 88' lang='grc' dir='ltr'><strong><em>δίκαια</em></strong></span> <span class='ocrx_word' id='word_1_105' title='bbox 1067 1753 1216 1819; x_wconf 82' lang='grc' dir='ltr'><strong><em>Κάσσιον</em></strong></span> <span class='ocrx_word' id='word_1_106' title='bbox 1236 1753 1319 1816; x_wconf 86' lang='grc' dir='ltr'><strong><em>άπο-</em></strong></span> 
     </span>
     <span class='ocr_line' id='line_1_14' title="bbox 108 1851 1321 1938; baseline -0.001 -21"><span class='ocrx_word' id='word_1_107' title='bbox 108 1860 233 1938; x_wconf 90' lang='grc' dir='ltr'><strong><em>φαίνοι,</em></strong></span> <span class='ocrx_word' id='word_1_108' title='bbox 263 1853 398 1937; x_wconf 81' lang='grc' dir='ltr'><strong><em>Βρούτῳ</em></strong></span> <span class='ocrx_word' id='word_1_109' title='bbox 420 1855 449 1917; x_wconf 89' lang='grc' dir='ltr'><strong><em>δ’</em></strong></span> <span class='ocrx_word' id='word_1_110' title='bbox 469 1854 567 1928; x_wconf 81' lang='grc' dir='ltr'><strong><em>αότδς</em></strong></span> <span class='ocrx_word' id='word_1_111' title='bbox 588 1857 775 1935; x_wconf 89' lang='grc' dir='ltr'><strong><em>χαρίζοιτο.</em></strong></span> <span class='ocrx_word' id='word_1_112' title='bbox 797 1904 804 1918; x_wconf 95' lang='grc'><strong><em>.</em></strong></span> <span class='ocrx_word' id='word_1_113' title='bbox 831 1854 965 1918; x_wconf 82' lang='grc' dir='ltr'><strong><em>,πολλά</em></strong></span> <span class='ocrx_word' id='word_1_114' title='bbox 986 1854 1047 1938; x_wconf 83' lang='grc' dir='ltr'><strong><em>γάρ</em></strong></span> <span class='ocrx_word' id='word_1_115' title='bbox 1076 1859 1143 1929; x_wconf 89' lang='grc' dir='ltr'><strong><em>τοῖς</em></strong></span> <span class='ocrx_word' id='word_1_116' title='bbox 1164 1851 1321 1937; x_wconf 83' lang='grc' dir='ltr'><strong><em>α’νδριάσι</em></strong></span> 
     </span>
     <span class='ocr_line' id='line_1_15' title="bbox 110 1944 1324 2038; baseline 0.001 -22"><span class='ocrx_word' id='word_1_117' title='bbox 110 1958 171 2018; x_wconf 79' lang='grc' dir='ltr'><strong><em>τοῦ</em></strong></span> <span class='ocrx_word' id='word_1_118' title='bbox 191 1954 296 2018; x_wconf 88' lang='grc' dir='ltr'><strong><em>πάλαι</em></strong></span> <span class='ocrx_word' id='word_1_119' title='bbox 316 1951 465 2036; x_wconf 80' lang='grc' dir='ltr'><strong><em>Βρούτου</em></strong></span> <span class='ocrx_word' id='word_1_120' title='bbox 486 1954 599 2018; x_wconf 89' lang='grc' dir='ltr'><strong><em>τοιάδε</em></strong></span> <span class='ocrx_word' id='word_1_121' title='bbox 620 1953 824 2036; x_wconf 77' lang='grc' dir='ltr'><strong><em>ἐπεγράφετο</em></strong></span> <span class='ocrx_word' id='word_1_122' title='bbox 845 1953 967 2035; x_wconf 88' lang='grc' dir='ltr'><strong><em>λάθρα·</em></strong></span> <span class='ocrx_word' id='word_1_123' title='bbox 1011 1959 1138 2038; x_wconf 82' lang='grc' dir='ltr'><strong><em>Βροῦτε</em></strong></span> <span class='ocrx_word' id='word_1_124' title='bbox 1159 1954 1269 2038; x_wconf 84' lang='grc' dir='ltr'><strong><em>νεκρός</em></strong></span> <span class='ocrx_word' id='word_1_125' title='bbox 1291 1944 1324 2018; x_wconf 81' lang='grc' dir='ltr'><strong><em>εἷ</em></strong></span> 
     </span>
     <span class='ocr_line' id='line_1_16' title="bbox 171 2043 1338 2137; baseline -0.002 -18.147"><span class='ocrx_word' id='word_1_126' title='bbox 171 2054 240 2118; x_wconf 74' lang='grc' dir='ltr'><strong><em>οὐδ’</em></strong></span> <span class='ocrx_word' id='word_1_127' title='bbox 264 2057 389 2137; x_wconf 82' lang='grc' dir='ltr'><strong><em>ἔκγονος</em></strong></span> <span class='ocrx_word' id='word_1_128' title='bbox 410 2045 443 2117; x_wconf 80' lang='grc' dir='ltr'><strong><em>εἴ</em></strong></span> <span class='ocrx_word' id='word_1_129' title='bbox 462 2055 505 2120; x_wconf 71' lang='lat' dir='ltr'><strong><em>uo*</em></strong></span> <span class='ocrx_word' id='word_1_130' title='bbox 527 2055 633 2118; x_wconf 85' lang='grc' dir='ltr'><strong><em>τοῦδε·</em></strong></span> <span class='ocrx_word' id='word_1_131' title='bbox 657 2089 695 2099; x_wconf 92' lang='grc'>-</span> <span class='ocrx_word' id='word_1_132' title='bbox 943 2046 946 2054; x_wconf 73' lang='grc'><strong>’</strong></span> <span class='ocrx_word' id='word_1_133' title='bbox 1335 2043 1338 2048; x_wconf 54' lang='grc'><strong>’</strong></span> 
     </span>
     <span class='ocr_line' id='line_1_17' title="bbox 111 2159 1320 2253; baseline -0.003 -17"><span class='ocrx_word' id='word_1_134' title='bbox 111 2173 219 2253; x_wconf 72' lang='lat' dir='ltr'>Pomp.</span> <span class='ocrx_word' id='word_1_135' title='bbox 241 2175 298 2236; x_wconf 86' lang='lat'><strong><em>77:</em></strong></span> <span class='ocrx_word' id='word_1_136' title='bbox 330 2168 494 2236; x_wconf 83' lang='grc' dir='ltr'><strong><em>Θεόδοτον</em></strong></span> <span class='ocrx_word' id='word_1_137' title='bbox 514 2159 572 2235; x_wconf 87' lang='grc' dir='ltr'><strong><em>τόν</em></strong></span> <span class='ocrx_word' id='word_1_138' title='bbox 593 2174 690 2250; x_wconf 89' lang='grc' dir='ltr'><strong><em>Χῖον,</em></strong></span> <span class='ocrx_word' id='word_1_139' title='bbox 740 2172 838 2236; x_wconf 73' lang='lat' dir='ltr'>Brut.</span> <span class='ocrx_word' id='word_1_140' title='bbox 853 2176 911 2236; x_wconf 82' lang='lat'><strong><em>33:</em></strong></span> <span class='ocrx_word' id='word_1_141' title='bbox 935 2168 1096 2244; x_wconf 79' lang='grc' dir='ltr'><strong><em>Θεόδοτος</em></strong></span> <span class='ocrx_word' id='word_1_142' title='bbox 1117 2170 1157 2233; x_wconf 82' lang='grc' dir='ltr'><strong><em>δέ</em></strong></span> <span class='ocrx_word' id='word_1_143' title='bbox 1168 2193 1214 2244; x_wconf 91' lang='grc' dir='ltr'><strong><em>τις</em></strong></span> <span class='ocrx_word' id='word_1_144' title='bbox 1231 2174 1320 2251; x_wconf 85' lang='grc' dir='ltr'><strong><em>Χῖος,</em></strong></span> 
     </span>
     <span class='ocr_line' id='line_1_18' title="bbox 110 2267 1322 2354; baseline -0.002 -20"><span class='ocrx_word' id='word_1_145' title='bbox 110 2273 166 2334; x_wconf 79' lang='grc' dir='ltr'><strong><em>ἐπὶ</em></strong></span> <span class='ocrx_word' id='word_1_146' title='bbox 188 2274 304 2353; x_wconf 78' lang='grc' dir='ltr'><strong><em>μισθῷ</em></strong></span> <span class='ocrx_word' id='word_1_147' title='bbox 326 2267 499 2354; x_wconf 79' lang='grc' dir='ltr'><strong><em>ῥητορικῶν</em></strong></span> <span class='ocrx_word' id='word_1_148' title='bbox 519 2271 622 2352; x_wconf 87' lang='grc' dir='ltr'><strong><em>λόγων</em></strong></span> <span class='ocrx_word' id='word_1_149' title='bbox 646 2270 691 2333; x_wconf 91' lang='grc' dir='ltr'><strong><em>δι·</em></strong></span> <span class='ocrx_word' id='word_1_150' title='bbox 740 2272 798 2334; x_wconf 87' lang='grc' dir='ltr'><strong><em>ἐπὶ</em></strong></span> <span class='ocrx_word' id='word_1_151' title='bbox 819 2273 933 2353; x_wconf 83' lang='grc' dir='ltr'><strong><em>μισθῷ</em></strong></span> <span class='ocrx_word' id='word_1_152' title='bbox 955 2272 1127 2353; x_wconf 79' lang='grc' dir='ltr'><strong><em>ῥητορικῶν</em></strong></span> <span class='ocrx_word' id='word_1_153' title='bbox 1152 2268 1255 2351; x_wconf 81' lang='grc' dir='ltr'><strong><em>λόγοιν</em></strong></span> <span class='ocrx_word' id='word_1_154' title='bbox 1277 2270 1322 2332; x_wconf 89' lang='grc' dir='ltr'><strong><em>δι-</em></strong></span> 
     </span>
     <span class='ocr_line' id='line_1_19' title="bbox 108 2369 1414 2460; baseline -0.002 -26"><span class='ocrx_word' id='word_1_155' title='bbox 108 2370 274 2435; x_wconf 88' lang='grc' dir='ltr'><strong><em>δάσκαλον</em></strong></span> <span class='ocrx_word' id='word_1_156' title='bbox 300 2401 313 2434; x_wconf 93' lang='grc'><strong><em>·.</em></strong></span> <span class='ocrx_word' id='word_1_157' title='bbox 352 2420 359 2434; x_wconf 92' lang='grc'><strong><em>.</em></strong></span> <span class='ocrx_word' id='word_1_158' title='bbox 397 2371 567 2454; x_wconf 81' lang='grc' dir='ltr'><strong><em>ου’δέτερον</em></strong></span> <span class='ocrx_word' id='word_1_159' title='bbox 609 2372 691 2434; x_wconf 82' lang='grc' dir='ltr'><strong><em>α’πέ-</em></strong></span> <span class='ocrx_word' id='word_1_160' title='bbox 741 2369 905 2445; x_wconf 90' lang='grc' dir='ltr'><strong><em>δάσκαλος</em></strong></span> <span class='ocrx_word' id='word_1_161' title='bbox 920 2419 926 2434; x_wconf 92' lang='grc'><strong><em>.</em></strong></span> <span class='ocrx_word' id='word_1_162' title='bbox 941 2418 948 2432; x_wconf 95' lang='grc'><strong><em>.</em></strong></span> <span class='ocrx_word' id='word_1_163' title='bbox 965 2369 1168 2453; x_wconf 82' lang='grc' dir='ltr'><strong><em>α’μφοτέρους</em></strong></span> <span class='ocrx_word' id='word_1_164' title='bbox 1188 2371 1322 2453; x_wconf 78' lang='grc' dir='ltr'><strong><em>διιεμαρ-</em></strong></span> <span class='ocrx_word' id='word_1_165' title='bbox 1411 2453 1414 2460; x_wconf 28' lang='lat'><strong><em>¹</em></strong></span> 
     </span>
     <span class='ocr_line' id='line_1_20' title="bbox 111 2461 1322 2558; baseline -0.002 -24"><span class='ocrx_word' id='word_1_166' title='bbox 111 2493 211 2554; x_wconf 88' lang='grc' dir='ltr'><strong><em>φηνεν</em></strong></span> <span class='ocrx_word' id='word_1_167' title='bbox 233 2470 381 2552; x_wconf 80' lang='grc' dir='ltr'><strong><em>α’σφαλές</em></strong></span> <span class='ocrx_word' id='word_1_168' title='bbox 399 2473 616 2556; x_wconf 85' lang='grc' dir='ltr'><strong><em>..κράτιστον</em></strong></span> <span class='ocrx_word' id='word_1_169' title='bbox 634 2461 692 2536; x_wconf 74' lang='grc' dir='ltr'><strong><em>οὖν</em></strong></span> <span class='ocrx_word' id='word_1_170' title='bbox 740 2471 899 2558; x_wconf 88' lang='grc' dir='ltr'><strong><em>τάνοντας</em></strong></span> <span class='ocrx_word' id='word_1_171' title='bbox 928 2471 1093 2552; x_wconf 82' lang='grc' dir='ltr'><strong><em>α’πέφαινε</em></strong></span> <span class='ocrx_word' id='word_1_172' title='bbox 1121 2519 1127 2534; x_wconf 94' lang='grc'><strong><em>.</em></strong></span> <span class='ocrx_word' id='word_1_173' title='bbox 1159 2518 1166 2535; x_wconf 94' lang='grc'><strong><em>.</em></strong></span> <span class='ocrx_word' id='word_1_174' title='bbox 1200 2473 1235 2533; x_wconf 80' lang='grc' dir='ltr'><strong><em>ἓν</em></strong></span> <span class='ocrx_word' id='word_1_175' title='bbox 1262 2470 1322 2552; x_wconf 80' lang='grc' dir='ltr'><strong><em>γάρ</em></strong></span> 
     </span>
     <span class='ocr_line' id='line_1_21' title="bbox 78 2563 1323 2659; baseline 0.001 -27"><span class='ocrx_word' id='word_1_176' title='bbox 78 2628 79 2632; x_wconf 75' lang='grc'><strong><em>,</em></strong></span> <span class='ocrx_word' id='word_1_177' title='bbox 113 2563 196 2633; x_wconf 84' lang='grc' dir='ltr'><strong><em>εἶναι</em></strong></span> <span class='ocrx_word' id='word_1_178' title='bbox 217 2580 546 2659; x_wconf 43' lang='grc' dir='ltr'><strong><em>μεταπεμψαμένους.</em></strong></span> <span class='ocrx_word' id='word_1_179' title='bbox 563 2572 693 2636; x_wconf 84' lang='grc' dir='ltr'><strong><em>α’νελεῖν</em></strong></span> <span class='ocrx_word' id='word_1_180' title='bbox 741 2565 826 2636; x_wconf 79' lang='grc' dir='ltr'><strong><em>εἶναι</em></strong></span> <span class='ocrx_word' id='word_1_181' title='bbox 855 2579 1022 2654; x_wconf 81' lang='grc' dir='ltr'><strong><em>συμφέροι·</em></strong></span> <span class='ocrx_word' id='word_1_182' title='bbox 1050 2571 1085 2633; x_wconf 88' lang='grc' dir='ltr'><strong><em>ἐκ</em></strong></span> <span class='ocrx_word' id='word_1_183' title='bbox 1114 2573 1179 2633; x_wconf 84' lang='grc' dir='ltr'><strong><em>τῶν</em></strong></span> <span class='ocrx_word' id='word_1_184' title='bbox 1201 2570 1323 2653; x_wconf 91' lang='grc' dir='ltr'><strong><em>παρόν-</em></strong></span> 
     </span>
     <span class='ocr_line' id='line_1_22' title="bbox 58 2667 1323 2752; baseline 0.001 -20"><span class='ocrx_word' id='word_1_185' title='bbox 58 2693 60 2698; x_wconf 74' lang='grc'>’</span> <span class='ocrx_word' id='word_1_186' title='bbox 110 2670 168 2733; x_wconf 90' lang='grc' dir='ltr'><strong><em>τδν</em></strong></span> <span class='ocrx_word' id='word_1_187' title='bbox 189 2667 303 2752; x_wconf 84' lang='grc' dir='ltr'><strong><em>ἄνδρα·</em></strong></span> <span class='ocrx_word' id='word_1_188' title='bbox 328 2720 334 2733; x_wconf 95' lang='grc'><strong><em>.</em></strong></span> <span class='ocrx_word' id='word_1_189' title='bbox 358 2720 365 2733; x_wconf 95' lang='grc'><strong><em>.</em></strong></span> <span class='ocrx_word' id='word_1_190' title='bbox 389 2719 396 2734; x_wconf 93' lang='grc'><strong><em>.</em></strong></span> <span class='ocrx_word' id='word_1_191' title='bbox 423 2670 632 2752; x_wconf 79' lang='grc' dir='ltr'><strong><em>προσεπεῖπε</em></strong></span> <span class='ocrx_word' id='word_1_192' title='bbox 655 2672 693 2734; x_wconf 81' lang='grc' dir='ltr'><strong><em>δὲ</em></strong></span> <span class='ocrx_word' id='word_1_193' title='bbox 741 2696 815 2750; x_wconf 88' lang='grc' dir='ltr'><strong><em>των,</em></strong></span> <span class='ocrx_word' id='word_1_194' title='bbox 832 2673 1028 2751; x_wconf 74' lang='grc' dir='ltr'><strong><em>δεξαμένους</em></strong></span> <span class='ocrx_word' id='word_1_195' title='bbox 1043 2669 1244 2735; x_wconf 75' lang='grc' dir='ltr'><strong><em>ἀποκτεῖναι.</em></strong></span> <span class='ocrx_word' id='word_1_196' title='bbox 1269 2671 1323 2733; x_wconf 84' lang='grc' dir='ltr'><strong><em>καὶ</em></strong></span> 
     </span>
     <span class='ocr_line' id='line_1_23' title="bbox 112 2767 1360 2853; baseline 0.001 -21"><span class='ocrx_word' id='word_1_197' title='bbox 112 2769 356 2852; x_wconf 80' lang='grc' dir='ltr'><strong><em>διαμειδιάσας,</em></strong></span> <span class='ocrx_word' id='word_1_198' title='bbox 401 2767 442 2842; x_wconf 82' lang='grc' dir='ltr'><strong><em>δίς</em></strong></span> <span class='ocrx_word' id='word_1_199' title='bbox 484 2790 597 2852; x_wconf 93' lang='grc' dir='ltr'><strong><em>φασιν,</em></strong></span> <span class='ocrx_word' id='word_1_200' title='bbox 644 2769 694 2834; x_wconf 81' lang='grc' dir='ltr'><strong><em>ὅτι</em></strong></span> <span class='ocrx_word' id='word_1_201' title='bbox 741 2775 951 2853; x_wconf 86' lang='grc' dir='ltr'><strong><em>προσεπεῖπε</em></strong></span> <span class='ocrx_word' id='word_1_202' title='bbox 978 2771 1038 2833; x_wconf 84' lang='grc' dir='ltr'><strong><em>τοῦ</em></strong></span> <span class='ocrx_word' id='word_1_203' title='bbox 1061 2768 1156 2850; x_wconf 89' lang='grc' dir='ltr'><strong><em>λόγου</em></strong></span> <span class='ocrx_word' id='word_1_204' title='bbox 1178 2768 1323 2852; x_wconf 85' lang='grc' dir='ltr'><strong><em>παυόμε-</em></strong></span> <span class='ocrx_word' id='word_1_205' title='bbox 1358 2841 1360 2846; x_wconf 50' lang='grc'><strong><em>,</em></strong></span> 
     </span>
     <span class='ocr_line' id='line_1_24' title="bbox 111 2866 1208 2951; baseline 0.004 -19"><span class='ocrx_word' id='word_1_206' title='bbox 111 2869 220 2950; x_wconf 76' lang='grc' dir='ltr'><strong><em>νεκρός·</em></strong></span> <span class='ocrx_word' id='word_1_207' title='bbox 240 2869 279 2932; x_wconf 80' lang='grc' dir='ltr'><strong><em>οδ</em></strong></span> <span class='ocrx_word' id='word_1_208' title='bbox 300 2867 440 2931; x_wconf 88' lang='grc' dir='ltr'><strong><em>δάκνει.</em></strong></span> <span class='ocrx_word' id='word_1_209' title='bbox 463 2918 475 2932; x_wconf 93' lang='grc'><strong><em>.</em></strong></span> <span class='ocrx_word' id='word_1_210' title='bbox 741 2893 802 2948; x_wconf 90' lang='grc' dir='ltr'><strong><em>νος,</em></strong></span> <span class='ocrx_word' id='word_1_211' title='bbox 826 2866 876 2932; x_wconf 84' lang='grc' dir='ltr'><strong><em>ότι</em></strong></span> <span class='ocrx_word' id='word_1_212' title='bbox 895 2870 1006 2951; x_wconf 84' lang='grc' dir='ltr'><strong><em>νεκρός</em></strong></span> <span class='ocrx_word' id='word_1_213' title='bbox 1027 2868 1065 2933; x_wconf 82' lang='grc' dir='ltr'><strong><em>οδ</em></strong></span> <span class='ocrx_word' id='word_1_214' title='bbox 1086 2868 1208 2936; x_wconf 88' lang='grc' dir='ltr'><strong><em>δάκνει.</em></strong></span> 
     </span>
    </p>

    <p class='ocr_par' dir='ltr' id='par_1_4' title="bbox 195 2985 1323 3067">
     <span class='ocr_line' id='line_1_25' title="bbox 195 2985 1323 3067; baseline 0.002 -17"><span class='ocrx_word' id='word_1_215' title='bbox 195 2985 340 3067; x_wconf 82' lang='lat' dir='ltr'>Sequitur</span> <span class='ocrx_word' id='word_1_216' title='bbox 365 2994 400 3050; x_wconf 83' lang='lat' dir='ltr'><strong><em>ut</em></strong></span> <span class='ocrx_word' id='word_1_217' title='bbox 424 3006 461 3049; x_wconf 88' lang='lat' dir='ltr'><strong><em>ex</em></strong></span> <span class='ocrx_word' id='word_1_218' title='bbox 481 2986 598 3051; x_wconf 85' lang='lat' dir='ltr'>Luculli</span> <span class='ocrx_word' id='word_1_219' title='bbox 621 2988 688 3051; x_wconf 83' lang='lat' dir='ltr'>vita</span> <span class='ocrx_word' id='word_1_220' title='bbox 709 2987 852 3052; x_wconf 81' lang='lat' dir='ltr'>conferes</span> <span class='ocrx_word' id='word_1_221' title='bbox 875 3006 942 3051; x_wconf 91' lang='lat' dir='ltr'><strong><em>cum</em></strong></span> <span class='ocrx_word' id='word_1_222' title='bbox 958 2986 1086 3067; x_wconf 87' lang='lat' dir='ltr'>Pompei</span> <span class='ocrx_word' id='word_1_223' title='bbox 1109 2985 1202 3052; x_wconf 89' lang='lat' dir='ltr'>hosce</span> <span class='ocrx_word' id='word_1_224' title='bbox 1223 2987 1323 3052; x_wconf 88' lang='lat' dir='ltr'>locos:</span> 
     </span>
    </p>
   </div>
   <div class='ocr_carea' id='block_1_3' title="bbox 114 3101 1359 3492">
    <p class='ocr_par' dir='ltr' id='par_1_5' title="bbox 114 3101 1359 3492">
     <span class='ocr_line' id='line_1_26' title="bbox 197 3101 1030 3182; baseline 0 -16"><span class='ocrx_word' id='word_1_225' title='bbox 197 3101 306 3166; x_wconf 82' lang='lat' dir='ltr'>Omnia</span> <span class='ocrx_word' id='word_1_226' title='bbox 330 3119 348 3164; x_wconf 84' lang='lat' dir='ltr'>a</span> <span class='ocrx_word' id='word_1_227' title='bbox 370 3101 499 3164; x_wconf 88' lang='lat' dir='ltr'>Lucullo</span> <span class='ocrx_word' id='word_1_228' title='bbox 522 3101 668 3166; x_wconf 82' lang='lat' dir='ltr'>instituto</span> <span class='ocrx_word' id='word_1_229' title='bbox 692 3102 856 3182; x_wconf 87' lang='lat' dir='ltr'>Pompeius</span> <span class='ocrx_word' id='word_1_230' title='bbox 879 3101 1030 3166; x_wconf 76' lang='lat' dir='ltr'>mutabat.</span> 
     </span>
     <span class='ocr_line' id='line_1_27' title="bbox 114 3207 1359 3292; baseline 0 -20"><span class='ocrx_word' id='word_1_231' title='bbox 114 3209 221 3289; x_wconf 84' lang='grc' dir='ltr'><strong><em>Ρουηι.</em></strong></span> <span class='ocrx_word' id='word_1_232' title='bbox 232 3213 287 3272; x_wconf 83' lang='lat'><strong><em>31:</em></strong></span> <span class='ocrx_word' id='word_1_233' title='bbox 309 3208 366 3270; x_wconf 84' lang='grc' dir='ltr'><strong><em>διά</em></strong></span> <span class='ocrx_word' id='word_1_234' title='bbox 389 3208 579 3290; x_wconf 81' lang='grc' dir='ltr'><strong><em>τῶνφίλων</em></strong></span> <span class='ocrx_word' id='word_1_235' title='bbox 602 3209 695 3286; x_wconf 79' lang='grc' dir='ltr'><strong><em>ἔδοξε</em></strong></span> <span class='ocrx_word' id='word_1_236' title='bbox 743 3209 819 3274; x_wconf 86' lang='lat' dir='ltr'>Luc.</span> <span class='ocrx_word' id='word_1_237' title='bbox 842 3213 903 3274; x_wconf 81' lang='lat'><strong><em>36:</em></strong></span> <span class='ocrx_word' id='word_1_238' title='bbox 926 3209 1020 3285; x_wconf 82' lang='grc' dir='ltr'><strong><em>ἔδοξε</em></strong></span> <span class='ocrx_word' id='word_1_239' title='bbox 1040 3211 1107 3282; x_wconf 90' lang='grc' dir='ltr'><strong><em>τοῖς</em></strong></span> <span class='ocrx_word' id='word_1_240' title='bbox 1127 3208 1231 3292; x_wconf 89' lang='grc' dir='ltr'><strong><em>φίλοις</em></strong></span> <span class='ocrx_word' id='word_1_241' title='bbox 1250 3228 1323 3274; x_wconf 88' lang='grc' dir='ltr'><strong><em>σον·</em></strong></span> <span class='ocrx_word' id='word_1_242' title='bbox 1356 3207 1359 3212; x_wconf 67' lang='grc'>’</span> 
     </span>
     <span class='ocr_line' id='line_1_28' title="bbox 114 3305 1325 3394; baseline 0.002 -24"><span class='ocrx_word' id='word_1_243' title='bbox 114 3305 290 3370; x_wconf 86' lang='grc' dir='ltr'><strong><em>συνελθεῖν</em></strong></span> <span class='ocrx_word' id='word_1_244' title='bbox 316 3305 360 3380; x_wconf 83' lang='grc' dir='ltr'><strong><em>εἷς</em></strong></span> <span class='ocrx_word' id='word_1_245' title='bbox 389 3305 500 3384; x_wconf 79' lang='grc' dir='ltr'><strong><em>ταότό.</em></strong></span> <span class='ocrx_word' id='word_1_246' title='bbox 540 3308 594 3370; x_wconf 85' lang='grc' dir='ltr'><strong><em>καῖ</em></strong></span> <span class='ocrx_word' id='word_1_247' title='bbox 621 3328 695 3374; x_wconf 90' lang='grc' dir='ltr'><strong><em>συν-</em></strong></span> <span class='ocrx_word' id='word_1_248' title='bbox 744 3313 875 3390; x_wconf 89' lang='grc' dir='ltr'><strong><em>αγαγεῖν</em></strong></span> <span class='ocrx_word' id='word_1_249' title='bbox 888 3305 1007 3381; x_wconf 81' lang='grc' dir='ltr'><strong><em>αὐτούς</em></strong></span> <span class='ocrx_word' id='word_1_250' title='bbox 1021 3306 1090 3372; x_wconf 81' lang='grc' dir='ltr'><strong><em>,καῖ</em></strong></span> <span class='ocrx_word' id='word_1_251' title='bbox 1107 3307 1274 3394; x_wconf 74' lang='grc' dir='ltr'><strong><em>συνῆλθον</em></strong></span> <span class='ocrx_word' id='word_1_252' title='bbox 1290 3310 1325 3373; x_wconf 85' lang='grc' dir='ltr'><strong><em>ἐν</em></strong></span> 
     </span>
     <span class='ocr_line' id='line_1_29' title="bbox 115 3405 1193 3492; baseline 0.003 -23"><span class='ocrx_word' id='word_1_253' title='bbox 115 3407 218 3490; x_wconf 73' lang='grc' dir='ltr'><strong><em>ἦλθον</em></strong></span> <span class='ocrx_word' id='word_1_254' title='bbox 238 3405 314 3486; x_wconf 83' lang='grc' dir='ltr'><strong><em>περὶ</em></strong></span> <span class='ocrx_word' id='word_1_255' title='bbox 334 3405 395 3491; x_wconf 86' lang='grc' dir='ltr'><strong><em>τήν</em></strong></span> <span class='ocrx_word' id='word_1_256' title='bbox 415 3406 592 3471; x_wconf 84' lang='grc' dir='ltr'><strong><em>Γαλατίαν.</em></strong></span> <span class='ocrx_word' id='word_1_257' title='bbox 744 3406 839 3492; x_wconf 79' lang='grc' dir='ltr'><strong><em>κάμῃ</em></strong></span> <span class='ocrx_word' id='word_1_258' title='bbox 860 3407 923 3471; x_wconf 80' lang='grc' dir='ltr'><strong><em>τινὶ</em></strong></span> <span class='ocrx_word' id='word_1_259' title='bbox 945 3409 1001 3491; x_wconf 79' lang='grc' dir='ltr'><strong><em>τῆς</em></strong></span> <span class='ocrx_word' id='word_1_260' title='bbox 1020 3405 1193 3480; x_wconf 89' lang='grc' dir='ltr'><strong><em>Γαλατίας.</em></strong></span> 
     </span>
    </p>
   </div>
   <div class='ocr_carea' id='block_1_4' title="bbox 74 3521 1383 4498">
    <p class='ocr_par' dir='ltr' id='par_1_6' title="bbox 74 3521 1383 4498">
     <span class='ocr_line' id='line_1_30' title="bbox 195 3521 1383 3603; baseline 0.004 -18"><span class='ocrx_word' id='word_1_261' title='bbox 195 3523 307 3586; x_wconf 83' lang='lat' dir='ltr'>Fasces</span> <span class='ocrx_word' id='word_1_262' title='bbox 330 3521 458 3603; x_wconf 84' lang='lat' dir='ltr'>Pompei</span> <span class='ocrx_word' id='word_1_263' title='bbox 488 3523 576 3588; x_wconf 84' lang='lat' dir='ltr'>lauro</span> <span class='ocrx_word' id='word_1_264' title='bbox 610 3523 699 3587; x_wconf 85' lang='lat' dir='ltr'>arido</span> <span class='ocrx_word' id='word_1_265' title='bbox 730 3523 938 3588; x_wconf 76' lang='lat' dir='ltr'>circumdatae</span> <span class='ocrx_word' id='word_1_266' title='bbox 966 3541 985 3587; x_wconf 88' lang='lat' dir='ltr'>a</span> <span class='ocrx_word' id='word_1_267' title='bbox 1014 3522 1187 3588; x_wconf 70' lang='lat' dir='ltr'>lictoribus</span> <span class='ocrx_word' id='word_1_268' title='bbox 1204 3523 1325 3591; x_wconf 86' lang='lat' dir='ltr'>Luculli</span> <span class='ocrx_word' id='word_1_269' title='bbox 1382 3533 1383 3537; x_wconf 77' lang='grc'>’</span> 
     </span>
     <span class='ocr_line' id='line_1_31' title="bbox 74 3621 499 3687; baseline 0.005 -3"><span class='ocrx_word' id='word_1_270' title='bbox 74 3665 77 3669; x_wconf 83' lang='lat'>-</span> <span class='ocrx_word' id='word_1_271' title='bbox 114 3621 205 3685; x_wconf 79' lang='lat' dir='ltr'>viridi</span> <span class='ocrx_word' id='word_1_272' title='bbox 227 3621 317 3686; x_wconf 81' lang='lat' dir='ltr'>lauro</span> <span class='ocrx_word' id='word_1_273' title='bbox 339 3627 499 3687; x_wconf 82' lang='lat' dir='ltr'>ornantur.</span> 
     </span>
     <span class='ocr_line' id='line_1_32' title="bbox 116 3719 1371 3810; baseline -0.002 -19"><span class='ocrx_word' id='word_1_274' title='bbox 116 3719 698 3810; x_wconf 78' lang='grc' dir='ltr'><strong><em>ἃσημεῖονἔδοξενεῖναιτοῖτάΛεο-</em></strong></span> <span class='ocrx_word' id='word_1_275' title='bbox 746 3727 800 3790; x_wconf 84' lang='grc' dir='ltr'><strong><em>καὶ</em></strong></span> <span class='ocrx_word' id='word_1_276' title='bbox 840 3727 878 3790; x_wconf 89' lang='grc' dir='ltr'><strong><em>τδ</em></strong></span> <span class='ocrx_word' id='word_1_277' title='bbox 917 3724 1091 3810; x_wconf 85' lang='grc' dir='ltr'><strong><em>γενόμενον</em></strong></span> <span class='ocrx_word' id='word_1_278' title='bbox 1130 3726 1174 3801; x_wconf 83' lang='grc' dir='ltr'><strong><em>εἰς</em></strong></span> <span class='ocrx_word' id='word_1_279' title='bbox 1214 3727 1328 3792; x_wconf 86' lang='grc' dir='ltr'><strong><em>οἰωνόν</em></strong></span> <span class='ocrx_word' id='word_1_280' title='bbox 1370 3783 1371 3788; x_wconf 73' lang='grc'>,</span> 
     </span>
     <span class='ocr_line' id='line_1_33' title="bbox 113 3823 1328 3913; baseline 0.004 -26"><span class='ocrx_word' id='word_1_281' title='bbox 113 3825 228 3890; x_wconf 89' lang='grc' dir='ltr'><strong><em>κόλλου</em></strong></span> <span class='ocrx_word' id='word_1_282' title='bbox 254 3826 421 3913; x_wconf 77' lang='grc' dir='ltr'><strong><em>νικητήρια</em></strong></span> <span class='ocrx_word' id='word_1_283' title='bbox 441 3828 495 3890; x_wconf 85' lang='grc' dir='ltr'><strong><em>καῖ</em></strong></span> <span class='ocrx_word' id='word_1_284' title='bbox 515 3828 575 3911; x_wconf 81' lang='grc' dir='ltr'><strong><em>τήν</em></strong></span> <span class='ocrx_word' id='word_1_285' title='bbox 596 3826 700 3904; x_wconf 84' lang='grc' dir='ltr'><strong><em>δόξαν</em></strong></span> <span class='ocrx_word' id='word_1_286' title='bbox 745 3828 900 3890; x_wconf 83' lang='grc' dir='ltr'><strong><em>’ἐτίθεντο</em></strong></span> <span class='ocrx_word' id='word_1_287' title='bbox 919 3826 1062 3911; x_wconf 88' lang='grc' dir='ltr'><strong><em>χρηστόν</em></strong></span> <span class='ocrx_word' id='word_1_288' title='bbox 1080 3831 1168 3910; x_wconf 78' lang='grc' dir='ltr'><strong><em>..τῷ</em></strong></span> <span class='ocrx_word' id='word_1_289' title='bbox 1183 3828 1244 3911; x_wconf 81' lang='grc' dir='ltr'><strong><em>γάρ</em></strong></span> <span class='ocrx_word' id='word_1_290' title='bbox 1259 3823 1328 3892; x_wconf 82' lang='grc' dir='ltr'><strong><em>όντι</em></strong></span> 
     </span>
     <span class='ocr_line' id='line_1_34' title="bbox 117 3916 1329 4014; baseline 0.002 -26"><span class='ocrx_word' id='word_1_291' title='bbox 117 3925 290 4006; x_wconf 85' lang='grc' dir='ltr'><strong><em>οἰσόμενον</em></strong></span> <span class='ocrx_word' id='word_1_292' title='bbox 301 3928 460 4006; x_wconf 84' lang='grc' dir='ltr'><strong><em>ἔρχεσθαι</em></strong></span> <span class='ocrx_word' id='word_1_293' title='bbox 470 3916 701 4012; x_wconf 77' lang='grc' dir='ltr'><strong><em>Πομπήιονήν</em></strong></span> <span class='ocrx_word' id='word_1_294' title='bbox 748 3928 808 4014; x_wconf 85' lang='grc' dir='ltr'><strong><em>τήν</em></strong></span> <span class='ocrx_word' id='word_1_295' title='bbox 835 3929 958 3990; x_wconf 91' lang='grc' dir='ltr'><strong><em>ἐκείνου</em></strong></span> <span class='ocrx_word' id='word_1_296' title='bbox 982 3932 1179 4009; x_wconf 83' lang='grc' dir='ltr'><strong><em>στρατηγίαν</em></strong></span> <span class='ocrx_word' id='word_1_297' title='bbox 1203 3927 1238 3991; x_wconf 81' lang='grc' dir='ltr'><strong><em>αἱ</em></strong></span> <span class='ocrx_word' id='word_1_298' title='bbox 1257 3926 1329 3991; x_wconf 85' lang='grc' dir='ltr'><strong><em>τοό-</em></strong></span> 
     </span>
     <span class='ocr_line' id='line_1_35' title="bbox 117 4024 1328 4110; baseline 0.003 -22"><span class='ocrx_word' id='word_1_299' title='bbox 117 4024 702 4110; x_wconf 82' lang='grc' dir='ltr'><strong><em>δδΛεόκολλος...καθ’ήλικίανπρε-</em></strong></span> <span class='ocrx_word' id='word_1_300' title='bbox 750 4050 807 4090; x_wconf 90' lang='grc' dir='ltr'><strong><em>του</em></strong></span> <span class='ocrx_word' id='word_1_301' title='bbox 822 4025 957 4107; x_wconf 86' lang='grc' dir='ltr'><strong><em>πράξεις</em></strong></span> <span class='ocrx_word' id='word_1_302' title='bbox 974 4025 1170 4110; x_wconf 85' lang='grc' dir='ltr'><strong><em>ἐκόσμησαν.</em></strong></span> <span class='ocrx_word' id='word_1_303' title='bbox 1193 4027 1242 4108; x_wconf 83' lang='lat' dir='ltr'>(cf.</span> <span class='ocrx_word' id='word_1_304' title='bbox 1264 4029 1328 4109; x_wconf 84' lang='lat' dir='ltr'>pri-</span> 
     </span>
     <span class='ocr_line' id='line_1_36' title="bbox 117 4124 1329 4210; baseline 0.001 -21"><span class='ocrx_word' id='word_1_305' title='bbox 117 4124 290 4209; x_wconf 76' lang='grc' dir='ltr'><strong><em>σβότερος,</em></strong></span> <span class='ocrx_word' id='word_1_306' title='bbox 320 4126 359 4187; x_wconf 87' lang='grc' dir='ltr'><strong><em>τό</em></strong></span> <span class='ocrx_word' id='word_1_307' title='bbox 389 4125 427 4188; x_wconf 80' lang='grc' dir='ltr'><strong><em>δὲ</em></strong></span> <span class='ocrx_word' id='word_1_308' title='bbox 448 4128 508 4189; x_wconf 83' lang='grc' dir='ltr'><strong><em>τοῦ</em></strong></span> <span class='ocrx_word' id='word_1_309' title='bbox 526 4127 703 4210; x_wconf 84' lang='grc' dir='ltr'><strong><em>Πομπηΐου</em></strong></span> <span class='ocrx_word' id='word_1_310' title='bbox 752 4146 836 4190; x_wconf 80' lang='lat' dir='ltr'>orem</span> <span class='ocrx_word' id='word_1_311' title='bbox 860 4126 969 4207; x_wconf 82' lang='lat' dir='ltr'>capitis</span> <span class='ocrx_word' id='word_1_312' title='bbox 990 4127 1140 4207; x_wconf 71' lang='lat' dir='ltr'>pertenit)</span> <span class='ocrx_word' id='word_1_313' title='bbox 1161 4127 1214 4190; x_wconf 84' lang='grc' dir='ltr'><strong><em>καῖ</em></strong></span> <span class='ocrx_word' id='word_1_314' title='bbox 1229 4144 1329 4210; x_wconf 93' lang='grc' dir='ltr'><strong><em>προσ-</em></strong></span> 
     </span>
     <span class='ocr_line' id='line_1_37' title="bbox 118 4223 1330 4309; baseline 0.001 -21"><span class='ocrx_word' id='word_1_315' title='bbox 118 4229 228 4304; x_wconf 84' lang='grc' dir='ltr'><strong><em>μεῖζον</em></strong></span> <span class='ocrx_word' id='word_1_316' title='bbox 249 4226 381 4306; x_wconf 84' lang='grc' dir='ltr'><strong><em>άξίοιμα</em></strong></span> <span class='ocrx_word' id='word_1_317' title='bbox 402 4229 469 4298; x_wconf 89' lang='grc' dir='ltr'><strong><em>τοῖς</em></strong></span> <span class='ocrx_word' id='word_1_318' title='bbox 488 4225 563 4290; x_wconf 79' lang='grc' dir='ltr'><strong><em>δυσὶ</em></strong></span> <span class='ocrx_word' id='word_1_319' title='bbox 581 4226 703 4309; x_wconf 87' lang='grc' dir='ltr'><strong><em>θριάμ-</em></strong></span> <span class='ocrx_word' id='word_1_320' title='bbox 731 4230 846 4288; x_wconf 67' lang='grc' dir='ltr'><strong><em>ιεῖπον</em></strong></span> <span class='ocrx_word' id='word_1_321' title='bbox 875 4223 1031 4308; x_wconf 82' lang='grc' dir='ltr'><strong><em>α’λλήλους</em></strong></span> <span class='ocrx_word' id='word_1_322' title='bbox 1053 4223 1256 4309; x_wconf 82' lang='grc' dir='ltr'><strong><em>φιλοφρόνως</em></strong></span> <span class='ocrx_word' id='word_1_323' title='bbox 1276 4228 1330 4289; x_wconf 83' lang='grc' dir='ltr'><strong><em>καὶ</em></strong></span> 
     </span>
     <span class='ocr_line' id='line_1_38' title="bbox 118 4321 1331 4409; baseline 0.001 -24"><span class='ocrx_word' id='word_1_324' title='bbox 118 4330 187 4406; x_wconf 85' lang='grc' dir='ltr'><strong><em>βοις</em></strong></span> <span class='ocrx_word' id='word_1_325' title='bbox 210 4373 216 4388; x_wconf 89' lang='grc'><strong><em>.</em></strong></span> <span class='ocrx_word' id='word_1_326' title='bbox 239 4373 245 4388; x_wconf 94' lang='grc'><strong><em>.</em></strong></span> <span class='ocrx_word' id='word_1_327' title='bbox 277 4322 479 4408; x_wconf 87' lang='grc' dir='ltr'><strong><em>φιλοφρόνως</em></strong></span> <span class='ocrx_word' id='word_1_328' title='bbox 504 4324 703 4409; x_wconf 88' lang='grc' dir='ltr'><strong><em>ἐποιήσαντο</em></strong></span> <span class='ocrx_word' id='word_1_329' title='bbox 753 4321 972 4408; x_wconf 84' lang='grc' dir='ltr'><strong><em>συνήσθησαν</em></strong></span> <span class='ocrx_word' id='word_1_330' title='bbox 994 4324 1051 4386; x_wconf 83' lang='grc' dir='ltr'><strong><em>ἐπὶ</em></strong></span> <span class='ocrx_word' id='word_1_331' title='bbox 1072 4328 1140 4398; x_wconf 87' lang='grc' dir='ltr'><strong><em>τοῖς</em></strong></span> <span class='ocrx_word' id='word_1_332' title='bbox 1158 4328 1331 4406; x_wconf 81' lang='grc' dir='ltr'><strong><em>κατωρθω-</em></strong></span> 
     </span>
     <span class='ocr_line' id='line_1_39' title="bbox 170 4429 1176 4498; baseline 0.003 -3"><span class='ocrx_word' id='word_1_333' title='bbox 170 4448 267 4498; x_wconf 74' lang='grc' dir='ltr'><strong><em>ινοεοιι.</em></strong></span> <span class='ocrx_word' id='word_1_334' title='bbox 1160 4429 1176 4481; x_wconf 87' lang='lat'>2</span> 
     </span>
    </p>
   </div>
   <div class='ocr_carea' id='block_1_5' title="bbox 0 0 1753 5036">
    <p class='ocr_par' dir='ltr' id='par_1_7' title="bbox 0 0 1753 5036">
     <span class='ocr_line' id='line_1_40' title="bbox 0 0 1753 5036; baseline 0 0"><span class='ocrx_word' id='word_1_335' title='bbox 0 0 1753 5036; x_wconf 95' lang='lat' dir='ltr'><strong><em> </em></strong></span> 
     </span>
    </p>
   </div>
  </div>
 </body>
</html>
