3452 5036
730 444 750 506 9

125 623 309 702 scriptorem
341 622 432 687 illum¹
451 639 596 702 graecum
620 620 716 684 fuisse
739 618 915 685 Iudeichius
937 618 967 682 in
991 619 1050 682 fine
1074 619 1266 702 quaestionis
1290 619 1341 682 de·

125 726 323 787 monstravit.

209 820 311 899 Quam
346 820 651 901 argumentationem
689 836 708 882 a
748 818 837 882 nobis
871 835 991 899 quoque
1022 817 1198 902 probatam⁴
1220 820 1250 883 in
1282 821 1341 885 fine

126 922 347 1003 disputationis
377 927 504 985 nostrae
532 923 709 1000 repetamus
740 935 866 981 necesse
888 923 947 980 est.
992 916 1212 994 Quaestionem
1236 927 1342 984 autem

127 1021 165 1083 de
194 1020 332 1084 fontibus
356 1019 511 1084 Plutarchi
533 1025 565 1083 et
587 1018 720 1099 Appiani
745 1017 889 1082 renovari
913 1035 973 1080 non
997 1033 1259 1097 supervacaneum
1283 1026 1342 1100 est,

128 1119 200 1198 quia
230 1139 270 1184 ex
299 1120 535 1184 accuratissima
565 1115 725 1182 Plutarchi
753 1122 785 1180 et
816 1117 951 1198 Appiani
981 1118 1215 1196 comparatione
1243 1119 1341 1184 multo

129 1220 227 1298 magis
255 1219 390 1283 elucebit
412 1217 602 1282 laudandam
624 1235 692 1281 esse
716 1216 869 1280 l'houreti
891 1223 923 1279 et
945 1215 1092 1280 ludeichii
1116 1218 1156 1283 de
1178 1217 1265 1284 fonte
1288 1219 1341 1285 illo

129 1335 240 1398 graeco
264 1317 418 1383 communi
438 1317 636 1381 sententiam.
694 1375 697 1382 .

216 1541 284 1619 Qua
311 1542 341 1604 in
372 1540 583 1622 disputatione
612 1541 747 1621 primum
778 1540 867 1604 nohis
896 1545 930 1603 et
957 1541 997 1604 ad
1030 1541 1187 1607 Plutarchi
1218 1543 1345 1626 Pompei

130 1642 213 1705 vitae
242 1641 358 1705 iontem
387 1639 621 1705 describendum
651 1640 748 1705 etad
775 1640 906 1704 aliarum
931 1641 1065 1704 vitarum
1090 1643 1345 1722 compositionem

131 1741 348 1804 illustrandam
382 1741 477 1821 ipsius
511 1740 671 1806 Plutarchi
705 1739 742 1803 de
777 1740 892 1805 eisdem
921 1739 1017 1804 rebus
1050 1740 1079 1804 in
1113 1741 1244 1807 diversis
1275 1744 1347 1809 vitis

134 1841 330 1904 narrationes
348 1840 492 1906 videntur
507 1840 733 1922 comparandae
750 1858 827 1918 esse,
850 1845 884 1904 ut
902 1839 972 1903 inde
991 1856 1222 1921 cognoscamus,
1245 1848 1347 1908 utrum

135 1941 165 2003 in
194 1939 241 2003 his
263 1941 335 2003 vitis
357 1940 465 2004 eodem
487 1958 525 2004 an
551 1941 682 2005 diversis
705 1939 843 2004 fontibus
867 1957 941 2003 usus
964 1940 1024 2006 sit„

222 2039 460 2120 Comparandae
489 2045 592 2103 autem
624 2048 699 2105 sunt
728 2041 811 2104 vitae
842 2041 994 2120 virorum,
1031 2041 1091 2122 ipsi
1118 2040 1265 2122 Pompeio
1298 2060 1349 2106 ae-

139 2137 286 2219 qualium.
336 2139 439 2202 Primo
467 2139 563 2219 igitur
594 2139 661 2203 loco
692 2137 835 2204 Caesaris
864 2141 959 2203 uitam
990 2141 1201 2222 revolvamus,
1234 2142 1349 2223 quippe

137 2256 218 2318 quae
241 2238 388 2319 plurimos
410 2238 499 2302 nobis
520 2257 589 2304 cum
608 2239 733 2320 Pompei
756 2240 839 2304 vitae
859 2239 1061 2304 conferendos
1082 2241 1233 2322 praebeat
1254 2241 1348 2307 locos.

221 2362 331 2443 Pomp.
353 2364 449 2444 47sq.
475 2363 562 2428 Coos.
584 2369 626 2428 13
635 2384 681 2446 sq.
725 2364 840 2439 Caesar
863 2363 1055 2428 consulatum
1078 2367 1173 2446 petit3
1196 2366 1236 2430 nd
1260 2383 1347 2430 suam

139 2462 236 2542 ipsius
266 2467 454 2542 potestatem
484 2464 655 2544 augendam
679 2464 857 2546 Pompeium
880 2470 912 2528 et
934 2464 1081 2530 Crassum
1103 2473 1135 2528 et
1157 2466 1240 2529 inter
1262 2459 1294 2530 se
1318 2470 1350 2529 et

139 2560 200 2625 sibi
222 2562 375 2626 conciliat.
417 2561 583 2644 Quaeres,
606 2570 641 2627 ut
662 2563 736 2628 dicit
757 2565 846 2644 Cato,
868 2565 912 2628 rei
932 2563 1073 2646 publicae
1094 2583 1154 2628 non
1176 2565 1271 2629 saluti
1294 2564 1350 2629 sed

140 2661 287 2741 perniciei
309 2660 392 2726 facta
414 2669 472 2726 est.

140 2761 178 2824 ου’
211 2761 273 2842 γοὲρ
307 2761 367 2842 την
406 2761 525 2826 στάσιν
556 2761 634 2826 ουίλὲ
663 2763 722 2840 την
773 2762 812 2826 οὐ
838 2763 898 2843 γοίρ
921 2813 928 2827 .
953 2815 959 2828 .
989 2763 1008 2846 ἠ
1037 2767 1200 2844 Καίσαρος
1228 2763 1282 2825 καὶ
1310 2769 1352 2827 ῙΙ.

142 2864 278 2942 ἔχθραν,
300 2859 385 2924 dito
407 2862 467 2924 τίν
490 2861 650 2927 σύστασιν
667 2864 721 2926 καὶ
773 2862 917 2944 διαφοραί
944 2863 1019 2937 τούς
1045 2863 1220 2946 ἐμφυλίους
1241 2863 1352 2945 οἷπειρ-

141 2961 201 3044 erfo*
231 2958 386 3040 ὁμόνοιαν
420 2960 529 3025 αὐτῶν
559 2967 599 3046 τῇ
627 2961 723 3027 πόλει
773 2962 899 3044 panaro
922 2963 1099 3044 πολέμους,
1122 2962 1206 3026 α’λλοὶ
1228 2962 1352 3044 μᾶλλον

141 3060 241 3124 κακὸν
290 3062 421 3140 πρῶτον
465 3068 621 3142 γενέσθαι
668 3064 722 3125 καὶ
773 3061 918 3144 ἡφιλία.

143 3169 304 3242 με’γισιόν.

225 3277 325 3353 Leges
346 3281 466 3358 autem,
499 3296 577 3360 quas
599 3279 706 3344 consul
729 3278 803 3344 tulit
826 3278 961 3359 Caesar,
995 3295 1053 3341 non
1076 3278 1216 3358 perlatae
1237 3283 1353 3356 essent,

144 3375 202 3439 nisi
226 3375 395 3456 Pompeius
417 3379 531 3458 optime
553 3397 624 3443 eum
647 3378 836 3443 adiuvasset.
1435 3463 1438 3470 ,

144 3485 272 3558 Pomp-2
305 3484 395 3551 πάνυ
423 3482 484 3559 μὲν
514 3470 584 3560 οὖν,
616 3481 678 3562 ἔφη
708 3477 726 3540 o‘
778 3479 884 3544 Caes:
916 3484 958 3542 11.
982 3478 1019 3539 δὲ
1042 3476 1095 3539 καὶ
1117 3479 1355 3557 προσεπεῖπεν,

145 3591 205 3665 ΙΙ.,
234 3585 408 3668 αἠίξομαι,
423 3585 505 3668 πρός
535 3582 610 3655 τούς
634 3579 727 3643 α’πει·
777 3579 817 3652 οἷς
838 3577 990 3659 οἷφίξοιιο
1013 3576 1094 3657 πρὸς
1115 3575 1156 3638 τοὶ
1175 3578 1254 3658 ξίφη
1272 3577 1356 3656 μετὰ

145 3688 281 3760 loturos
311 3687 355 3750 τοὶ
392 3691 471 3769 ξίφη
499 3683 583 3766 pecc?
615 3685 728 3763 ξίφους
776 3682 835 3741 τοῦ
858 3681 971 3759 ξίφους
993 3674 1047 3738 καὶ
1070 3675 1191 3755 θυρεὸν
1210 3678 1355 3754 κομίζου.
1393 3748 1395 3756 γ

146 3787 200 3850 καὶ
223 3787 344 3868 θυρεὸν
364 3790 510 3868 κομίζων.

359 3921 362 3930 ·
451 3900 581 3965 Caesari
602 3903 704 3961 totum
726 3912 759 3959 se
782 3890 868 3957 dedit
889 3891 1052 3972 Pompeius

143 4003 280 4067 'loolr‘ao
298 4002 359 4083 γάρ
375 4002 435 4086 την
449 4004 613 4079 Καίσαρος
627 4000 729 4075 θογα-
775 3982 817 4073 ἦν
851 3994 913 4072 γοὶρ
944 3988 1034 4071 αὐτῷ
1064 3989 1180 4052 Ἰουλία
1209 3986 1357 4070 θυγάτηρ

148 4110 226 4183 τέρα
240 4106 401 4165 Καιπίωνι
415 4097 730 4179 καθωμολογημένην
778 4092 986 4173 ἐγγεγυημένη
1001 4089 1173 4170 Σερουιλίῳ
1188 4091 1358 4165 Καιπίωνι,

148 4203 203 4264 καὶ
222 4204 405 4283 γαμεῖσθαι
420 4198 602 4278 μέλλουσαν
616 4193 730 4274 ὀλίγων
777 4189 899 4272 ταύτην
918 4187 1087 4271 ἐνεγγύησε
1103 4187 1278 4268 Πομπηίῳ,
1299 4185 1358 4272 την

149 4300 291 4386 ιξμερῶν,
322 4298 456 4376 odanda
481 4293 524 4362 ἄν
551 4291 731 4380 προσδοκή-
780 4290 817 4356 δὲ
839 4289 1014 4374 Πομπηΐου
1035 4290 1082 4374 τῷ
1102 4285 1274 4372 Σερουιλίῳ
1297 4283 1358 4350 διό·
