3452 5036
701 395 740 466 33

106 579 280 654 audivisset
307 580 334 642 ui
357 579 518 660 imperium
540 597 690 660 proroga·
740 585 879 660 rogetur,
903 579 1066 644 Caesarem
1082 581 1181 662 ipsum
1197 615 1240 626 -
1257 599 1323 648 cer-

106 687 175 743 tuiu
207 699 266 743 nou
296 698 381 758 usse,
413 679 490 744 dixit
512 679 692 762 ἐπικρούων
742 679 850 744 tiorun
881 679 996 744 iactum
1028 715 1066 728 -—
1103 684 1323 764 pronuntiasse

104 783 148 861 τῇ
170 780 250 860 χειρὶ
273 779 444 862 τδξίφος,
470 779 573 845 »diiii
594 781 692 844 τοῦτο
740 778 908 844 κόπτοντα
928 781 988 868 τήν
1004 781 1109 867 λαβήν
1125 787 1187 847 τοῦ
1201 787 1324 868 ξίφους,

106 878 237 942 δώσετε
305 880 418 947 Caes:
465 879 556 945 »ἀλλ’
584 877 689 965 aim«
744 876 821 943 »its
842 903 898 961 μοι
918 878 1048 946 διέσει(

108 978 216 1062 φάναι
253 977 397 1042 »δώσεις
437 979 625 1063 κρούσαντα
654 985 695 1066 τῇ

107 1079 191 1160 χειρὶ
221 1079 283 1166 την
309 1080 415 1164 λαβήν
441 1083 497 1165 τῆς
521 1085 694 1164 μαχαίρας.

196 1222 358 1288 Sententia
384 1221 506 1288 videtur
531 1221 626 1288 fuisse
656 1223 802 1304 ταλασίας
834 1225 864 1289 in
895 1225 1060 1305 utriusque
1087 1224 1211 1304 quidem
1239 1222 1326 1289 fonte

111 1323 264 1386 communi
291 1329 349 1387 aut
379 1321 453 1386 nihii
474 1321 515 1386 ‘de
537 1321 598 1388 hac
619 1341 653 1386 re
674 1322 793 1388 dictum
815 1333 881 1389 erat
911 1331 965 1389 aut
985 1341 1096 1389 nomen
1124 1340 1185 1387 nou
1207 1323 1327 1388 exstitit

110 1422 194 1500 eiuS,
216 1423 270 1502 qui
293 1421 388 1486 verbu
412 1423 640 1502 pronuntiavit.

93 1616 96 1620 -
196 1569 313 1634 Eadem
335 1569 445 1637 dicunt
467 1571 596 1636 divensis
618 1570 739 1636 verbis:

111 1693 200 1759 Plut.
223 1694 333 1778 Pomp.
355 1700 400 1761 58
408 1720 416 1763 t
446 1684 545 1769 αὖθις
574 1696 613 1759 δὲ
642 1719 697 1777 με·
747 1697 830 1781 App.
852 1696 905 1773 ΙΙ,
918 1701 980 1762 30:
1019 1697 1261 1780 ἐπανερομένου
1291 1697 1329 1760 δὲ

109 1799 272 1877 ταστῆναι
319 1796 533 1872 κελεύσαντος
575 1797 697 1882 (Curio)
747 1798 807 1859 τοῦ
834 1801 1022 1880 Κουρίωνος,
1064 1797 1095 1860 εἰ
1127 1798 1330 1881 α’μφοτέρους

111 1891 202 1968 ὅσοις
244 1896 449 1986 ἀμφοτέρους
487 1898 619 1978 α’ρέσκει
656 1895 700 1962 τοί
749 1893 843 1960 δοκεῖ
866 1897 909 1960 τιί
931 1898 967 1960 ἐν
985 1898 1097 1980 χερσὶν
1118 1897 1329 1978 α’ποθέσθαι,

112 1993 204 2058 ὅπλα
218 2001 433 2062 καταθέσθαι
449 1999 502 2062 καὶ
520 2000 700 2082 μηδέτερον
751 1995 810 2060 δύο
844 2001 906 2078 μὲν
939 1999 993 2060 καὶ
1022 1999 1143 2063 εἴκοσιν
1169 1998 1331 2082 α’νδροίσιν

115 2091 237 2178 ἄρχειν,
261 2087 425 2180 Πομπηίῳ
445 2103 507 2182 μὲν
529 2099 632 2180 εἴκοσι
647 2100 701 2163 καὶ
749 2095 930 2181 α’πήρεσκε.

115 2195 179 2258 δύο
200 2196 316 2278 μόνον,
339 2202 497 2280 Κουρίωνι
517 2200 555 2262 δὲ
578 2197 703 2273 πάντες
798 2251 804 2264 .

66 2329 69 2334 ¹
117 2295 149 2358 οἱ
168 2296 278 2360 λοιποὶ
300 2302 517 2379 προσέθεντο.

115 2407 176 2468 59:
200 2410 340 2485 Κικέρων
358 2407 501 2487 ἔπραττε
517 2407 701 2490 διαλλαγάς,
751 2407 800 2487 ΙΙ,
822 2411 885 2472 32:
929 2407 971 2468 τδ
1010 2410 1071 2488 μὲν
1108 2401 1193 2470 ἄλλα
1229 2405 1332 2470 αδτδν

116 2503 207 2577 ὅπως
226 2509 355 2586 Καῖσαρ
377 2507 524 2582 ε’ξελθοδν
540 2509 704 2584 Γαλατίας
752 2511 835 2590 ἔθνη
873 2508 927 2571 καὶ
958 2505 1171 2590 στρατόπεδα
1199 2503 1332 2570 α’ποθί·

115 2604 172 2666 καὶ
198 2604 258 2686 τὴν
287 2601 389 2690 δι’λλην
413 2609 572 2690 στρατιοῖν
595 2609 704 2691 αἰγιεὶς
752 2613 886 2687 σεσθαι,
909 2606 997 2690 μόνα
1017 2608 1054 2670 δὲ
1075 2609 1158 2684 ἕξειν
1173 2607 1233 2670 δύο
1247 2606 1331 2689 τέλη,

117 2708 236 2767 πᾶσαν
272 2705 329 2786 ἐπὶ
364 2706 440 2770 δυσὶ
474 2707 619 2789 τάγμασι
647 2709 702 2772 καὶ
751 2707 805 2769 καὶ
833 2707 893 2792 τὴν
912 2707 1069 2790 Ἰλλυρίδα
1097 2706 1182 2788 μετοί
1205 2709 1261 2790 τῆς
1284 2706 1333 2769 ε’ν-

115 2808 164 2884 τῷ
182 2803 340 2885 Ἰλλυρικῷ
359 2806 420 2888 την
442 2807 598 2890 δευτέραν
617 2807 701 2872 δπα-
735 2803 962 2881 τός’Άλπεων
975 2805 1147 2886 Γαλατίας,
1170 2807 1228 2880 ἔως
1246 2801 1332 2868 ὕπα-

115 2908 211 2967 τείαν
232 2912 398 2988 περιμένῃ.
750 2929 804 2981 τος
825 2905 1055 2988 α’ποδειχθείη.

101 3032 103 3036 ’
203 3051 304 3116 Lucus
335 3051 494 3132 sequitur,
534 3072 596 3134 quo
627 3055 734 3120 eodem
767 3054 874 3118 ordine
902 3053 1011 3118 eadem
1044 3053 1147 3118 verbis
1180 3051 1332 3116 similibus

120 3151 378 3229 pronuntiantur.
1038 3166 1041 3170 ’

118 3279 178 3338 6οι
208 3274 446 3357 οἷπαγγέλλεται
474 3281 602 3361 Καῖσαρ
629 3279 704 3358 Ἀρί-
753 3280 802 3357 Π,
818 3281 928 3360 343η..·
952 3280 1080 3355 Καῖσαρ
1105 3326 1111 3340 .
1132 3324 1138 3338 .
1161 3273 1246 3356 μετα
1267 3275 1333 3335 τῶν

117 3396 227 3454 μινιιν.
242 3374 652 3459 .κατειληφω’ς..ε’βιίδιζεν
665 3378 705 3443 ου’
753 3375 1024 3457 πεντακισχιλίων
1071 3376 1151 3455 ἔγνω
1198 3395 1333 3454 προεπι-

120 3473 275 3549 πλείονας
319 3479 401 3557 ἔχων
444 3476 573 3541 ἱππέων
617 3502 704 3560 τρια·
751 3482 871 3560 χειρεῑν
886 3526 893 3541 .
911 3525 919 3539 .
934 3474 1172 3559 προύπεμπεν.
1186 3520 1193 3535 .
1207 3473 1239 3546 ἐς
1258 3472 1333 3554 Ἀρί-

118 3579 239 3638 κασίαν
254 3576 308 3638 καὶ
325 3577 596 3658 πεντακισχιλίων
614 3578 703 3643 δπλι-
751 3601 854 3661 μινον,
877 3577 930 3640 καί
947 3576 1008 3660 τήν
1029 3573 1126 3638 πόλιν
1146 3623 1152 3636 .
1170 3621 1177 3634 .
1194 3571 1333 3635 καταλα-

118 3675 289 3738 τῶν..ε’πδ
311 3675 370 3740 τδν
389 3677 581 3759 Ῥουβίκωνα
602 3701 704 3742 ποτα·
751 3680 823 3757 δεῖν
840 3726 847 3741 .
865 3673 997 3762 ,δρόμῳ
1019 3676 1048 3738 δ’
1066 3673 1177 3738 ἐλθίδν
1198 3671 1254 3734 ἐπὶ
1275 3671 1334 3734 τᾶν

117 3775 182 3854 μδν
209 3774 329 3856 έλθιδν,
362 3773 397 3850 ὅς
424 3775 585 3860 α’φωριζεν
609 3777 705 3859 ἀὐτῷ
749 3776 942 3857 Ῥουβίκωνα
973 3773 1139 3855 ποταμδν,
1176 3769 1212 3844 ὃς
1238 3769 1334 3852 ὁρίζει

66 3901 72 3914 ·
117 3874 179 3956 τήν
210 3875 389 3959 δεδομένην
417 3878 594 3957 ἐπαρχίαν,
624 3881 703 3961 ἔστη
750 3875 811 3963 την
827 3875 976 3954 Ἰταλίαν,
1013 3877 1091 3956 ἔστη
1112 3876 1170 3936 τοῦ
1199 3867 1332 3953 δρόμου,

119 3977 230 4058 σιωπῇ
258 3976 312 4037 καὶ
348 3976 572 4060 διεμέλλησεν,
607 3978 704 4051 αδτδς
751 3977 1062 4057 καὶ..περιεφέρετο
1071 3996 1110 4057 τη
1121 3971 1240 4056 γνώμῃ,
1251 3974 1332 4054 λογι-

118 4069 186 4154 ἄρα
210 4074 430 4157 πρδςεὲαυτδν
446 4069 704 4160 συλλογιζόμενος
752 4075 882 4158 ζόμενος
916 4077 1041 4139 ἔκαστα
1072 4076 1138 4137 ταῖν
1167 4075 1332 4155 ἐσομένων

118 4173 157 4236 τδ
188 4179 328 4253 μέγεθος
355 4177 414 4238 τοῦ
437 4174 642 4261 τολμήματος
664 4226 701 4242 ..
750 4179 856 4238 κακῶν
878 4223 907 4238 ..
928 4174 982 4237 καὶ
1005 4172 1117 4251 είπιδν,
1139 4163 1194 4236 οἷά
1214 4195 1261 4245 τις
1283 4175 1331 4235 ἔν·
1408 4170 1434 4214 st

117 4275 172 4337 καὶ
195 4277 355 4342 τοσοῦτον
371 4271 474 4354 μόνον
487 4274 662 4359 Ἑλληνιστὶ
676 4324 702 4342 ..
752 4282 834 4348 θους
854 4277 958 4355 ἐπέρα
979 4273 1042 4336 σδν
1056 4273 1148 4352 ὁρμῇ,
1170 4272 1208 4333 τδ
1224 4271 1332 4334 κοινόν

169 4391 265 4441 tVogelt.
1157 4373 1173 4420 3
1368 4372 1376 4384 ’
