3452 5036
698 428 734 490 at

95 602 146 665 ‘in
168 602 265 681 libro,
284 603 336 684 qui
359 600 538 665 inscribitur
563 603 742 684 »Appianas
765 597 826 664 und
849 598 933 661 seine
957 590 1127 673 Quadra«,
1149 583 1343 674 accuratius'

114 702 153 766 de
182 699 317 766 fontibus
343 702 474 783 Appiani
504 701 684 783 disputavit.
729 703 788 781 Qui
818 717 888 764 cum
917 696 954 760 de
979 692 1111 775 hppiani
1143 692 1264 754 ratione
1297 689 1327 788 in

112 800 256 865 fontibus
279 800 450 865 tractandis
471 800 592 882 dixerit,
616 813 675 867 orio
696 801 889 884 potissimum
906 813 976 859 eum
998 793 1085 857 fonte
1107 810 1215 872 parum
1235 807 1329 870 saepe

115 907 260 965 accurate
283 901 313 964 in
338 900 419 964 bello
443 901 555 980 gallico
578 904 735 966 narrando
758 919 845 966 nsum
868 915 936 961 esse
959 894 1047 959 (locet
1068 912 1097 973 p.
1120 892 1193 957 131:
1216 887 1332 970 Appia·

116 1019 174 1064 nus
195 1000 327 1064 hraucht
349 999 465 1064 Caesar
489 1001 550 1066 und
574 1001 743 1083 Tanusius,
766 1001 815 1064 die
838 1017 872 1062 er
895 997 1009 1074 citiert,
1034 994 1119 1058 nicht
1141 994 1272 1058 henutzt
1293 1014 1330 1060 zu

114 1099 226 1165 haben.
271 1100 316 1162 Er
338 1099 458 1163 kanuto
481 1100 537 1164 das
557 1101 643 1165 Citat
666 1101 822 1181 irgendwo
840 1096 1010 1162 andrrsher
1026 1093 1201 1158 entlehnen.
1245 1095 1331 1159 huch

115 1200 220 1280 zeigen
255 1198 320 1263 sich
344 1198 473 1263 vielfach
497 1218 554 1263 von
579 1201 697 1265 Caesar
724 1197 938 1265 abueichende
962 1194 1103 1259 Berichte
1131 1193 1173 1273 lg.
1196 1195 1242 1258 19.
1288 1193 1330 1256 Es

115 1298 272 1363 ersohcint
294 1300 385 1362 sumit
408 1299 675 1379 wahrschoinlich‚
703 1301 774 1364 dass
797 1318 831 1363 or
854 1316 911 1362 aus
934 1296 1059 1360 aweiter
1080 1293 1173 1358 Hand
1198 1292 1309 1375 schlipf
1322 1343 1330 1369 ,

115 1418 170 1463 aus
192 1400 292 1462 einem
315 1393 556 1479 Schrilt'steller‚
578 1399 632 1463 der
654 1400 786 1464 Caesars
807 1399 921 1464 Werlrc
943 1396 1132 1460 verarbeitet
1154 1394 1242 1458 batte
1265 1394 1329 1459 und

116 1499 185 1563 dem
208 1498 286 1561 wohl
317 1498 396 1562 auch
420 1497 567 1563 Plutarch
593 1498 683 1580 folgt.
728 1500 813 1564 Idem
843 1498 894 1562 alii
924 1504 956 1560 et
982 1501 1055 1560 ante
1078 1493 1276 1558 Hannalrium
1298 1500 1330 1558 et

116 1607 187 1681 post
218 1616 286 1662 cum
311 1597 498 1678 docuerunt,
526 1601 578 1682 qui
602 1600 717 1664 fontem
744 1600 829 1663 illum
853 1595 985 1677 Appiani
1008 1631 1045 1641 -
1071 1595 1218 1659 etiamid
1247 1593 1329 1658 bello

117 1698 198 1763 civili
226 1713 265 1743 '-
294 1698 433 1762 Asinium
459 1697 629 1762 Pollionem
661 1719 729 1764 esse
761 1698 944 1775 voluerunt,
970 1703 1005 1760 ut
1029 1692 1328 1775 Eyssenhardtush,

117 1798 295 1876 Peterusll,
319 1796 437 1861 Bailleu
451 1797 486 1877 ⁸).
524 1797 663 1874 Quorum
686 1801 883 1888 sententiam,
905 1797 988 1878 quod
1008 1793 1132 1886 quidem
1151 1794 1267 1858 attinet
1288 1793 1327 1858 ad

116 1899 231 1962 bellum
253 1897 359 1976 civile,
388 1897 566 1962 Thouretus
588 1898 729 1965 refellere
753 1900 872 1964 studuit
895 1907 927 1962 ct
948 1897 1022 1961 locis
1042 1895 1102 1960 illis
1130 1912 1225 1975 supra
1247 1901 1329 1959 trac·

117 1999 211 2077 tatis,
243 1997 357 2080 quibus
388 1996 426 2060 de
443 1997 615 2078 Plutarchi
644 1999 782 2064 fontibus
818 1999 909 2080 dicit,
942 2006 975 2063 ot
1002 1998 1076 2062 locis
1106 1993 1265 2060 Plutarchi
1297 2000 1327 2058 et

118 2097 250 2179 Appiani
281 2096 443 2160 simillimis
470 2096 614 2177 prolatis.
657 2099 808 2176 Quoniam
831 2100 965 2179 Appiani
991 2105 1023 2162 et
1042 2096 1203 2162 Plutarchi
1224 2095 1328 2159 simili·

118 2197 235 2261 tudinis
258 2195 446 2260 mentionem
468 2197 610 2278 lecimus,
634 2218 713 2263 nunc
735 2201 896 2278 utriusque
918 2200 1112 2264 narrationes
1134 2195 1328 2261 conferamus

116 2303 148 2361 et
179 2296 345 2361 concordia
372 2313 441 2359 cum
470 2315 572 2360 rerum
603 2304 667 2362 tum
698 2299 862 2363 verborum
892 2298 1123 2378 occurrebamus
1153 2317 1191 2360 ex
1221 2296 1327 2360 eodem

114 2416 183 2462 eum
205 2414 265 2476 quo
287 2395 494 2462 Plutarchum
515 2398 658 2463 hausisse
680 2399 764 2464 fonte
786 2417 907 2485 graeco.
952 2399 1020 2477 Qua
1043 2399 1073 2462 in
1096 2398 1327 2478 comparatione

115 2497 236 2560 diversa
270 2513 363 2576 saepe
387 2495 517 2561 duorum
537 2506 699 2563 auctorum
730 2501 760 2563 in
784 2500 876 2564 rebus
906 2499 1156 2587 memorabilibus
1176 2497 1327 2577 eligendis

116 2597 196 2659 ratio
214 2594 408 2674 respicienda
427 2603 485 2676 est,
507 2597 569 2661 alia
588 2600 667 2662 enim
681 2599 832 2682 Appiano,
855 2598 1003 2664 bellorum
1019 2598 1154 2662 civilium
1171 2598 1327 2680 scriptori,

116 2696 178 2760 alia
208 2693 392 2773 Plutarcho,
421 2697 563 2762 ¹uitarum
595 2699 732 2780 auctori,
775 2698 870 2779 digna
910 2698 1112 2778 videbantur,
1150 2716 1230 2780 quae
1273 2698 1325 2762 de-

112 2794 335 2860 scriberentur.

711 2955 736 3020 1.

375 3027 585 3157 Pompeius
609 3078 866 3145 adulescens.
909 3099 933 3145 c.
957 3081 1066 3145 1-16.
1135 3136 1138 3143 .

195 3199 279 3264 Plut.
301 3205 320 3264 1
343 3201 429 3283 App.
452 3201 478 3264 b.
501 3222 525 3267 c.
549 3203 584 3284 1,
607 3205 650 3268 80
678 3204 847 3287 Pompeius
869 3205 950 3269 lilius
972 3211 1040 3268 erat
1063 3205 1240 3284 Strabonis,
1269 3205 1323 3287 qui

113 3297 241 3363 fulmine
263 3300 343 3364 ictus
368 3307 426 3365 est.
1394 3315 1400 3327 '

195 3399 280 3463 Plut.
305 3405 325 3464 6
347 3401 432 3482 App.
455 3402 476 3466 l.
499 3403 519 3466 l.
543 3403 574 3465 in
591 3403 705 3467 Piceno
728 3421 804 3482 agro
820 3402 982 3484 Pompeius
1005 3409 1069 3466 tres
1091 3402 1228 3483 legiones
1251 3421 1322 3467 corr-

112 3500 246 3579 saripsit,
272 3499 314 3564 ibi
334 3502 414 3564 enirn
437 3503 536 3582 patris
558 3503 663 3580 gratia
683 3502 812 3567 multum
834 3504 968 3568 valebat.

193 3599 279 3663 Plui.
309 3604 330 3664 8
357 3601 443 3681 App.
473 3605 493 3667 l.
522 3603 543 3666 l.
574 3601 661 3666 Sulla
691 3603 816 3683 plurimi
847 3604 1021 3685 Pompeium
1053 3601 1318 3686 aestimabat.

111 3698 211 3764 Carbo
241 3701 341 3764 victus
369 3699 449 3780 rugit
479 3721 546 3766 cum
576 3703 681 3767 multis
710 3703 879 3782 nubilibus,
909 3711 1018 3768 contra
1047 3721 1126 3784 quos
1156 3703 1319 3783 Pompeius

110 3799 220 3863 missus
242 3806 302 3864 est.

179 4023 405 4094 1)Eysenhardt,
426 4025 501 4082 Neue
519 4029 613 4083 Jahrb.
633 4029 651 4082 f.
669 4029 752 4082 klaes
774 4029 842 4085 Phil.
862 4031 903 4084 85.
924 4029 998 4094 1862,
1017 4047 1043 4097 p.
1062 4027 1120 4096 755,
1140 4027 1199 4083 599.

176 4119 202 4186 2)
223 4117 314 4183 Peter,
340 4117 389 4170 Die
407 4119 521 4184 Quellen
540 4123 683 4178 Plutarehs
700 4124 729 4177 in
747 4125 773 4177 d.
793 4124 822 4175 B.
842 4125 866 4176 d.
886 4124 916 4177 R.

177 4213 204 4280 3)
224 4211 343 4276 Baillcu,
369 4211 510 4278 Quomodo
531 4217 671 4288 Appianas
693 4218 723 4271 in
747 4218 881 4273 bellorum
904 4216 1025 4271 civilium
1047 4215 1125 4270 libris
1144 4213 1231 4267 II-V
1253 4229 1316 4266 usus

108 4298 144 4351 sit
165 4296 252 4351 Asinii
271 4297 406 4354 Pollionis·
418 4299 546 4359 historiis.
583 4305 657 4360 Gott.
679 4305 753 4359 1874,
