3452 5036
993 435 1031 500 18

409 667 447 684 ..
478 617 691 701 συνηδόμενοι
720 621 787 691 τοῖς
821 615 986 697 κατορθώ-
1034 623 1157 700 μένοις,
1188 614 1407 704 πρεσβύτερος
1429 623 1495 700 μὲν
1526 615 1573 683 (δν
1607 618 1627 682 ὁ

407 739 518 803 μασιν.
559 721 594 782 ἐν
623 720 659 781 δὲ
686 723 752 792 τοῖς
780 716 882 798 λόγοις
906 716 988 799 πρός
1034 707 1374 805 Λουκ.,υίξίωμαδή”’ν
1391 721 1626 804 τδΠομπηί-ὀυ

404 819 502 884 οὐδὲν
545 820 681 892 ἐπιεικὲς
713 867 720 881 .
752 867 759 881 .
791 817 985 900 συμβάντες,
1033 821 1143 898 μεῖζον
1161 817 1386 883 α’πό...δυεῖν
1407 818 1626 901 θριάμβων..

401 919 489 984 α’λλοὲ
503 919 559 982 καὶ
574 916 857 1002 λοιδορήσαντες..
875 918 983 998 Pomp.
1033 917 1070 981 cf.
1083 935 1191 998 supra:
1215 916 1410 1002 ἐκόσμησαν.
1437 918 1473 981 ἐκ
1495 920 1534 982 δὲ
1549 924 1625 982 τῶν

403 1019 530 1084 Lucullo
558 1018 633 1094 τοῖς
658 1016 858 1099 στρατιώτας
878 1014 984 1079 όίπαν-
1030 1016 1133 1098 λόγων
1155 1019 1237 1098 πρός
1259 1017 1357 1082 ου’δὲν
1378 1019 1515 1092 ἐπιεικές
1538 1038 1624 1083 συν·

403 1142 460 1194 τας
486 1107 651 1202 α’φείλετο
669 1117 755 1203 πλην
781 1116 891 1197 χιλίων
913 1115 986 1192 ἐξα·
1035 1121 1168 1199 έβησαν,
1191 1117 1261 1181 ἀλλ’
1279 1117 1627 1200 ,ἀλλοτριωθέντες

403 1223 522 1283 κοσίων
544 1269 552 1282 .
573 1267 579 1281 .
604 1265 641 1280 ..
878 1216 882 1224 ’
1033 1216 1206 1303 Πομπήιος
1235 1216 1434 1300 στρατιώτας
1468 1219 1506 1282 δὲ
1541 1220 1627 1292 τούς

1031 1312 1148 1391 ἄλλους
1174 1317 1356 1399 ἀπαγαγών
1382 1318 1500 1402 μόνους
1527 1319 1628 1402 αὐτῷ

1030 1416 1149 1497 χιλίους
1168 1415 1355 1494 ἑξακοσίους
1376 1418 1519 1483 άπέλιπε
1539 1469 1574 1486 ..

405 1536 513 1617 Pomp.
522 1535 578 1599 465
590 1533 646 1597 ε’πὶ
654 1533 692 1595 δέ
700 1532 985 1619 Πομπήιονειίθδς
1033 1535 1111 1598 Luc.
1131 1538 1191 1599 42:
1221 1535 1369 1616 Pompeio
1394 1535 1539 1600 Lucullus
1560 1538 1623 1600 ad-

403 1635 499 1712 άῖξας
537 1634 590 1697 καὶ
632 1631 809 1714 λαβόμενος
847 1633 984 1709 ἐντόνως
1033 1634 1228 1699 versabatur.
1259 1635 1313 1697 καὶ
1325 1634 1384 1709 τάς
1393 1659 1429 1698 τε
1441 1635 1622 1716 διατάξεις,

404 1732 507 1798 αὐτοῦ
537 1739 616 1814 περί
641 1745 677 1795 τε
704 1735 769 1796 τών
792 1733 983 1814 διατάξεων,
1030 1733 1070 1809 ἃς
1091 1781 1098 1797 .
1121 1725 1303 1819 ἐποιήσατο
1325 1785 1332 1799 .
1352 1784 1359 1799 .
1378 1784 1385 1800 .
1406 1786 1412 1799 .
1436 1737 1621 1816 ἐξέκρουσε,

404 1834 442 1910 ἃς
474 1835 605 1911 ἔλυσεν,
643 1832 770 1916 ἐκράτει
800 1835 853 1896 καὶ
884 1834 984 1897 πλέον
1031 1835 1084 1898 καὶ
1112 1885 1118 1899 .
1142 1885 1149 1899 .
1174 1881 1179 1896 .
1209 1832 1351 1898 ἐκώλυσε
1379 1885 1386 1899 .
1412 1884 1420 1898 .
1444 1836 1621 1917 συμπράτ-

405 1926 491 2014 εῖχεν
522 1935 558 1995 ἐν
583 1936 624 2016 τῇ
649 1934 749 2017 βουλῇ
776 1938 983 2016 συναγωνιζο-
1031 1933 1314 2012 τοντοςΙίάτωνος,
1336 1931 1421 1998 ώστε
1439 1933 1621 2021 Πομπήιον

403 2032 672 2116 μένουΚάτωνος.
702 2034 872 2096 ἐκπίπτων
883 2034 983 2097 δὲκαὶ
1033 2032 1077 2108 είς
1105 2034 1165 2117 τήν
1188 2034 1342 2113 Κράσσον
1370 2035 1423 2097 καὶ
1450 2040 1621 2116 Καίσαρος

405 2130 669 2213 περιωθούμενος
683 2132 984 2219 όΠομπήιοςηναγ·
1034 2134 1171 2216 φιλιάν.
1197 2183 1204 2197 .
1227 2183 1234 2196 .
1256 2140 1455 2217 καταφυγεῖν
1477 2184 1484 2198 .
1509 2184 1516 2199 .
1538 2185 1544 2199 .
1567 2187 1573 2199 .

403 2229 518 2308 κάζετο
539 2231 742 2314 δημαρχοῦσι
756 2234 983 2317 προσφεύγειν.
1332 2245 1337 2254 ’

491 2366 620 2446 Appiani
634 2383 754 2448 quoque
766 2369 904 2432 conferas
914 2368 1012 2432 locum
1026 2367 1054 2430 b.
1065 2386 1091 2431 c.
1104 2367 1143 2447 H,
1153 2372 1187 2430 9:
1212 2364 1385 2453 Πομπήιος
1393 2366 1484 2452 ἠξίου
1497 2366 1619 2444 πολλοί,

405 2460 470 2528 ὅσα
493 2513 500 2527 .
523 2513 529 2526 .
554 2465 714 2547 ἐδεδώκει,
734 2467 796 2552 την
816 2468 936 2552 βουλιξν
955 2469 1135 2549 βεβαιῶσαι
1159 2515 1165 2530 .
1190 2515 1222 2531 ..
1242 2515 1249 2529 .
1271 2465 1453 2540 Λεύκολλος
1477 2515 1483 2530 .
1506 2516 1511 2528 .
1538 2515 1546 2530 .
1569 2465 1620 2527 δι-

405 2563 542 2628 εκώλυεν
557 2616 564 2628 .
580 2615 588 2632 .
604 2614 612 2631 .
629 2615 635 2630 .
652 2567 706 2629 καὶ
720 2567 893 2648 Λευκόλλῳ
912 2567 1141 2649 συνελάμβανε
1162 2563 1322 2648 Κράσσος
1337 2618 1343 2632 .
1364 2616 1370 2631 .
1389 2617 1396 2632 .
1416 2615 1423 2630 .
1444 2564 1620 2647 Πομπήιος

404 2670 682 2747 προσεταιρίζεται
703 2673 854 2751 Καίσαρα
876 2718 882 2733 .
907 2717 915 2732 .
937 2718 944 2733 .
1193 2662 1201 2680 '

423 2829 429 2844 ·
488 2814 608 2894 Singuli
645 2825 766 2882 restant
801 2838 837 2883 ex
874 2819 1048 2896 Οἰοενοιιίε,
1091 2816 1234 2893 θειοοὶε,
1280 2817 1405 2880 Antonii
1441 2817 1513 2879 vitis
1551 2833 1615 2901 me·

406 2914 545 2978 morandi
566 2915 642 2981 loci:

407 3031 514 3113 Pomp.
548 3038 614 3097 46:
657 3033 798 3100 Ciceroni
842 3036 984 3118 δεομένην
1035 3035 1098 3099 (uc.
1109 3038 1168 3097 31.-
1191 3031 1298 3097 Cicero
1317 3031 1423 3093 ε’δεῖτο
1437 3031 1615 3112 Πομπηΐου

405 3135 563 3214 βοηθείας
590 3133 667 3198 ου’δδ
695 3134 739 3211 είς
767 3133 846 3225 ὄψιν
867 3137 985 3220 προῆλ-
1032 3136 1172 3216 βοηθεῖν
1201 3181 1209 3194 .
1242 3181 1249 3195 .
1281 3181 1287 3194 .
1317 3129 1507 3213 πυθόμενος
1543 3130 1571 3192 δ’
1599 3130 1617 3192 δ

406 3234 479 3310 θεν,
502 3231 586 3297 α’λλά
600 3238 667 3308 τοῖς
683 3232 817 3318 ἥκουσιν
832 3236 985 3300 α’ποκλεί-
1033 3230 1205 3318 Πομπήιος
1218 3230 1278 3310 οὐχ
1289 3230 1465 3312 ὑπέμεινεν
1479 3229 1523 3304 εἰς
1534 3225 1617 3317 όψιν

407 3349 468 3404 σας
492 3333 552 3417 την
574 3330 701 3399 αὔλειον
724 3335 846 3418 ἑτέραις
868 3334 985 3418 θόραις
1033 3332 1154 3409 ἐλθεῖν,
1183 3381 1191 3394 .
1216 3380 1223 3394 .
1250 3333 1336 3393 κατά
1373 3330 1481 3414 θόρας
1514 3327 1618 3404 ἄλλας

407 3425 508 3512 ᾤχετο
521 3433 640 3500 α’πιών.
681 3443 818 3518 Κικέρων
833 3438 871 3500 δὲ
885 3441 983 3520 φοβη-
1032 3431 1228 3508 όπεξελθών
1249 3430 1476 3512 α’πεδίδρασκε
1489 3431 1549 3511 τήν
1565 3433 1618 3493 έν-

407 3532 481 3606 θεῖς
507 3533 567 3620 την
593 3541 698 3617 κρίσιν
727 3536 898 3621 ὑπεξῆλθε
928 3539 985 3617 τῆς
1032 3535 1149 3608 τευξιν.
1191 3527 1275 3593 οὕτω
1307 3530 1348 3613 δη
1383 3530 1563 3611 προδοθεὶς
1600 3532 1619 3592 ά

406 3630 531 3717 Ῥώμης.
1034 3638 1175 3715 Κικέρων
1203 3630 1260 3692 ὑπ’
1282 3628 1386 3693 αὐτοῦ
1409 3631 1463 3693 καὶ
1484 3631 1622 3712 γεγονώς

1035 3734 1151 3815 ἕρημος
1170 3779 1176 3794 .
1194 3777 1201 3794 .
1220 3737 1390 3813 κατέφυγε.

410 3848 517 3930 Pomp.
540 3855 599 3916 44:
638 3850 802 3932 Pompeius
836 3852 989 3937 ἔπεμψεν
1038 3847 1116 3913 Cato
1133 3851 1189 3912 30:
1212 3847 1247 3910 P.
1271 3840 1497 3930 προῦπεμψεν
1518 3845 1622 3920 οἷξιών

408 3948 509 4024 άξιών
547 3949 590 4025 είς
620 3950 679 4034 τήν
711 3950 831 4035 βουλην
865 3949 989 4031 α’ναβα-
1036 3945 1621 4027 τάςδπατικάςάρχαιρεσίαςα’ναβα-

408 4045 529 4112 λέσθαι
556 4051 614 4123 τοῖς
634 4053 699 4112 ταῖν
720 4049 857 4112 ὑπάτων
879 4049 989 4128 α’ρχαι·
1037 4046 1157 4110 λέσθαι
1186 4047 1245 4127 την
1277 4046 1470 4130 σύγκλητον,
1506 4044 1546 4118 ώς
1575 4041 1621 4106 άν

409 4153 519 4229 ρεσιάς
543 4199 549 4212 .
572 4199 578 4212 .
601 4147 690 4222 ὅπως
710 4149 826 4227 παρών
847 4153 990 4212 Πείσωνι
1037 4146 1134 4218 αὐτός
1156 4146 1271 4227 παρών
1288 4150 1429 4210 Πείσωνι
1447 4163 1620 4227 συναρχαι-

410 4247 714 4332 συναρχαιρεσιάση.
1038 4244 1186 4329 ρεσιάσῃ.
