3452 5036
704 487 743 552 35

115 669 196 731 ποδὶ
233 667 369 731 τύπτειν
396 665 455 751 τήν
483 667 540 750 γῆν
569 663 608 740 ἃς
636 666 697 729 ύπ-
746 665 844 743 τάξαι
864 667 910 748 τῷ
932 665 1025 746 ποδὶ,
1053 667 1107 730 καὶ
1129 667 1171 732 τά
1194 668 1329 749 στρατό-

114 773 259 848 ισχνεῖτο
312 767 466 848 δυνάμεις
518 765 698 831 α’νακαλού-
749 766 838 831 πέδα
859 767 895 842 ἐξ
914 766 1013 841 αὐτοῖς
1034 767 1217 850 άναγαγεῖν.

115 891 226 949 μενον.
862 856 867 864 “
1055 873 1057 878 '

118 968 370 1033 Platonesffi:
393 967 429 1030 ἐν
444 965 575 1050 ἡμέραις
585 968 702 1030 ἕνδεκα
749 969 835 1050 App.
854 968 904 1048 Π,
920 970 975 1033 48:
1005 963 1106 1051 άρξας
1134 968 1191 1032 ἐπὶ
1216 969 1332 1033 ἕνδεκα

116 1068 179 1155 τήν
192 1072 253 1148 μὲν
267 1071 448 1148 μοναρχίαν
460 1067 700 1150 α’πειπάμενος,
748 1066 851 1148 μόνας
872 1068 993 1152 ἡμέρας
1015 1056 1095 1152 (οἶδε
1115 1067 1176 1152 γάρ
1197 1088 1263 1134 τισι
1280 1070 1332 1132 δο-

117 1165 247 1230 ῧπατον
261 1167 299 1230 δὲ
314 1166 492 1241 άναδείξας
513 1165 631 1251 ἑαυτδν
646 1168 700 1230 καὶ
747 1168 814 1252 κεῖ)
837 1166 998 1243 ύπάτονς.
1010 1169 1199 1253 ,άπέφηνεν
1213 1168 1333 1233 ἑαυτόν

119 1268 303 1349 Σερουίλιον
315 1265 503 1349 Ἰσαυρικόν.
747 1291 784 1330 τε
804 1268 858 1330 καὶ
882 1266 1053 1334 Πούπλιον
1072 1267 1259 1352 Ἰσαυρικόν.

204 1375 274 1456 lpse
295 1373 461 1455 Pompeius
483 1375 512 1438 in
535 1375 630 1456 copiis
653 1375 834 1440 exercendis
857 1394 963 1441 omnes
986 1382 1017 1442 et
1045 1376 1177 1457 pedibus
1200 1384 1233 1441 et
1254 1395 1333 1459 eque

119 1492 194 1539 usus
216 1474 456 1538 exercitationes
476 1474 640 1574 etlabnnes
661 1475 745 1540 laeto
765 1481 797 1540 et
820 1475 947 1541 iuvenili
970 1476 1072 1541 animo
1094 1474 1207 1541 snbiit:
1250 1477 1332 1542 Piut.

119 1575 230 1655 Pomp.
251 1573 301 1638 64.
324 1576 402 1655 App.
426 1574 470 1654 ΙΙ,
491 1574 541 1638 49.

119 1681 206 1746 Ρίνί.
240 1679 329 1746 Caes
361 1684 416 1746 39:
458 1684 524 1743 τῶν
560 1686 703 1766 σημείων
752 1665 837 1768 App.
858 1682 908 1763 II,
924 1685 983 1748 62:
1011 1683 1054 1746 τά
1084 1685 1207 1768 σημεῖα
1234 1682 1335 1771 άπερ-

120 1782 348 1864 οἷπερρίπτονν
388 1830 395 1845 .
434 1833 440 1846 .
471 1801 570 1861 unum
613 1801 702 1865 quem
753 1783 891 1864 ῥίπτουν
913 1831 920 1848 .
944 1833 951 1847 .
975 1773 1021 1857 εἷς
1045 1784 1083 1846 δὲ
1108 1783 1163 1847 καί
1180 1791 1337 1867 στρέψας

119 1882 288 1962 fugientem
307 1882 424 1947 Citesnr
443 1884 578 1948 retinere
594 1885 702 1964 voluit,
751 1882 789 1945 τδ
822 1886 959 1966 σημεῖον
987 1882 1133 1946 άνίτεινε
1160 1883 1219 1946 τδν
1251 1883 1336 1966 ούρί-
1365 1942 1367 1947 .

122 1982 268 2066 ἐπήρατο
288 1981 349 2069 τήν
369 1980 536 2066 μάχαιραν
556 1983 703 2058 ὠςκαθι-
752 2006 832 2063 αχον
861 1984 892 2058 ἐς
919 1982 978 2046 τδν
1006 1982 1239 2066 αύτοκράτορα·
1282 1985 1336 2048 καὶ

52 2167 55 2174 Ι
123 2082 272 2166 ξάμενος,
302 2081 427 2167 φθάνει
449 2084 486 2146 δὲ
507 2083 526 2146 n‘
546 2087 606 2148 τοῦ
626 2089 703 2150 Καί·
753 2083 851 2147 τδνδε
869 2089 931 2165 μὲν
953 2083 984 2148 οἱ
1006 2088 1170 2165 Καίσαρος
1191 2083 1336 2149 ὑπασπι-

124 2204 220 2264 σαρος
266 2184 479 2269 ύπασπιστῆς
527 2183 707 2276 α’ποκύψας
757 2185 833 2250 σταὶ
855 2193 1066 2252 κατέκοπτον.

121 2285 224 2348 αύτοῦ
244 2284 303 2350 τδν
325 2274 422 2367 οἷμον.
602 2367 604 2371 ι

208 2393 293 2458 Ρίαί.
319 2394 428 2475 Pomp.
447 2397 496 2459 65.
519 2395 605 2476 App.
621 2393 642 2458 ί.
662 2393 683 2456 i.
708 2391 738 2456 in
760 2396 849 2456 tanto
867 2411 942 2457 vem
963 2390 1067 2458 fuerat
1084 2391 1229 2457 Caesaris
1250 2410 1337 2457 exer-

123 2494 204 2558 citus
220 2492 378 2577 periculo:
716 2523 719 2530 ·

125 2597 210 2664 ὥστε
232 2599 339 2663 εἰπεῖν
356 2605 509 2683 Καίσαρα
530 2599 612 2682 πρδς
632 2597 708 2671 τούς
758 2597 797 2661 οἳ
816 2599 871 2662 καὶ
891 2599 951 2662 τδυ
972 2601 1125 2682 Καίσαρά
1148 2618 1275 2684 φασιν
1297 2597 1338 2662 εί·
1406 2655 1410 2660 .

126 2700 237 2784 φίλους
260 2697 318 2764 δτι·
336 2699 497 2787 »σήμερον
525 2696 568 2763 άν
594 2700 615 2782 ἡ
636 2704 708 2781 νίκη
757 2702 844 2777 πεῖν,
867 2695 918 2763 ὅτι
938 2698 1081 2787 σήμερον·
1101 2697 1144 2764 άν
1163 2699 1339 2782 δπόλεμος

126 2801 217 2881 παρά
240 2803 306 2874 τοῖς
329 2800 496 2883 πολεμίοις
517 2789 574 2884 ἦν,
601 2797 632 2861 εί
649 2798 709 2860 τδν
758 2799 946 2880 ἐξείργαστο
983 2803 1049 2874 τοῖς
1085 2799 1269 2882 πολεμίοις,
1310 2798 1341 2862 εἰ

126 2903 264 2963 νικῶντα
285 2891 401 2980 sixena«
756 2899 815 2960 τδν
836 2902 929 2961 νικιῖν
950 2898 1174 2980 ἐπιστάμενον
1196 2889 1293 2979 εἶχον.

206 3005 292 3072 Ptnt.
318 3008 427 3087 Pomp.
459 3010 509 3069 66.
544 3004 630 3085 App.
661 2998 724 3083 11,'
746 3006 797 3067 65.
840 3002 987 3068 Afranius
1014 3005 1044 3068 in
1072 2988 1183 3070 senatu
1211 3003 1338 3085 Pompei

127 3108 314 3170 sententiam
345 3105 440 3182 dixit,
469 3105 499 3168 in
522 3103 645 3179 Italiam
674 3118 757 3165 nunc
785 3119 853 3166 esse
882 3102 1109 3184 properandum
1142 3109 1174 3167 et
1202 3103 1338 3184 patriam

126 3205 224 3286 ipsam
249 3206 390 3271 manibus
412 3203 590 3270 tenendam.

128 3311 345 3385 προστιθέναι
373 3306 411 3368 δὲ
439 3307 507 3378 τοῖς
534 3305 710 3383 κρατοῦσιν
757 3301 1001 3384 κρατυνάμενον
1029 3302 1058 3364 δ’
1084 3299 1188 3365 αύτίν
1219 3324 1256 3363 τε
1284 3303 1339 3366 καῖ

127 3405 229 3480 εύθδς
265 3456 271 3470 .
302 3456 309 3471 .
343 3406 499 3488 Ἰβηρίαν,
543 3404 711 3468 Γαλατίαν
758 3402 925 3466 Γαλατίαν
946 3403 1000 3464 καῖ
1020 3405 1161 3485 Ἰβηρίαν
1184 3449 1191 3465 .
1218 3449 1225 3465 .
1251 3401 1339 3466 Pom-

127 3503 265 3570 ἅπασαν
289 3556 296 3570 .
320 3553 328 3567 .
351 3505 448 3578 αὐτὸς
477 3504 516 3566 δὲ
539 3499 711 3589 Πομπήιος
758 3501 844 3583 peius
857 3509 960 3567 autem
975 3502 1067 3567 aliter
1078 3501 1340 3581 εεοείι...αίσχι-

128 3602 202 3668 οὔτε
231 3604 313 3684 πρδς
341 3602 444 3680 δόξαν
475 3603 582 3688 ἡγεῖτο
610 3601 710 3665 καλδν
759 3621 837 3665 στον
858 3592 942 3665 εἶναι
964 3601 1157 3665 καταλιπεῖν
1180 3597 1341 3684 φεύγοντα

128 3705 217 3786 αύτῷ
253 3705 408 3786 δευτέραν
446 3704 551 3788 φνγήν
581 3702 710 3786 φεύγειν
760 3705 927 3780 Καίσαρα,
964 3701 1019 3764 καὶ
1053 3704 1120 3774 τοῖς
1149 3699 1342 3786 ἡττηθεῖσιν

129 3810 281 3884 Καίσαρα
320 3804 373 3866 καὶ
413 3800 594 3869 διώκεσθαι
626 3851 634 3867 .
667 3851 674 3866 .
702 3851 708 3865 .
760 3799 877 3880 ὁμοίως
902 3800 962 3862 τδν
983 3802 1122 3863 νικῶντα
1144 3797 1276 3883 φεύγειν
1301 3849 1308 3863 .
1333 3847 1340 3863 .

130 3900 206 3968 οὔτε
242 3900 334 3968 ύσιον
371 3903 597 3984 ἐγκαταλιπεῖν
632 3907 711 3983 Σκη·
759 3898 812 3960 καὶ
836 3898 948 3980 φειδοῖ
956 3904 1098 3963 Λευκίου
1114 3902 1293 3972 Σκιπίωνος
1309 3946 1341 3963 ..

131 4009 238 4066 πίοινα
254 4051 260 4065 .
277 4052 285 4068 .
304 4001 369 4084 (67)
388 4003 540 4066 ..ἐδίωκε
550 4006 710 4081 Καίσαρα.
760 3998 891 4083 ἐπῆλθε
915 3999 970 4062 καὶ
995 3997 1342 4080 αἰτεστρατοπίδευσε

647 4147 651 4155 .
759 4100 806 4178 τῷ
826 4104 977 4179 Καίσαρι.
1029 4159 1046 4192 ξ

131 4202 238 4265 eadem
261 4201 356 4281 igitur
378 4200 541 4265 simillimis
564 4197 770 4280 pronuntiant
793 4197 905 4261 verbis.

130 4301 217 4365 Ρίιιί.
232 4301 341 4386 Pomp.
353 4303 413 4364 69:
433 4290 521 4382 ἦσαν
543 4301 581 4364 δὲ
603 4297 634 4362 οῖ
649 4302 711 4381 μὲν
759 4297 843 4379 App.
866 4297 915 4375 ΙΙ,
937 4300 997 4362 70:
1037 4302 1178 4378 Καίσαρι
1214 4300 1276 4374 μὲν
1311 4295 1343 4368 ἐς

130 4401 214 4480 μετά
249 4405 412 4482 Καίσαρος
447 4399 598 4480 δισχίλιοι
629 4397 713 4480 πρδς
761 4395 935 4475 δισχιλίους
986 4396 1042 4459 ἐπὶ
1084 4395 1263 4476 δισμυρίοις
1295 4443 1301 4456 .
1334 4441 1340 4456 .

1159 4499 1196 4552 3*
