3452 5036
969 435 1008 502 36

389 615 585 704 δισμυρίοις,
622 615 653 682 οἱ
693 618 730 683 δὲ·
763 617 848 700 μετα
880 626 970 701 Πομ·
1018 607 1103 707 ἦσαν
1126 670 1158 686 ..
1180 668 1188 682 .
1213 617 1376 702 Πομπηΐῳ
1398 617 1435 681 δὲ
1456 615 1535 701 ὑπὲρ
1560 615 1604 679 τδ

389 719 488 804 ττηΐον
509 723 628 802 βραχεῖ
644 719 790 792 πλείονες
811 715 832 804 ἦ
853 720 970 784 διπλά-
1018 720 1203 787 διπλάσιον.

390 838 452 884 σιοι
471 819 602 884 τούτων.

470 945 505 1009 Iu
518 945 645 1011 ducibus
657 963 780 1026 queque
792 947 866 1010 aciei
879 946 1099 1010 enumerandis
1111 947 1324 1021 consentiunt;
1347 946 1449 1026 quain
1462 965 1495 1008 re
1507 946 1602 1025 parvi

389 1047 536 1109 momenti
557 1047 707 1127 estquod
732 1048 762 1111 in
776 1047 920 1112 Caesaris
942 1049 1077 1112 exercitu
1098 1045 1287 1110 Plutarchus
1309 1047 1439 1110 medium
1460 1045 1605 1110 tenuisse

388 1143 463 1208 dicit
474 1145 602 1210 Lucium
616 1145 787 1228 Calvinum,
810 1147 969 1228 Appianus
986 1145 1121 1222 Sullam;
1144 1147 1199 1210 sed
1220 1154 1350 1228 uterque
1373 1147 1457 1210 utin
1479 1145 1605 1210 decima

388 1243 554 1310 Caesarem
587 1247 707 1326 legione
737 1249 766 1310 in
797 1248 863 1311 acie
885 1253 1041 1312 versatum
1069 1265 1137 1310 esse
1159 1247 1268 1325 docet,
1297 1246 1343 1310 ita
1366 1247 1463 1326 ipsam
1485 1246 1604 1309 deinde

387 1363 522 1426 pugnam
552 1345 707 1410 simillime
737 1347 886 1412 describit
917 1346 1027 1428 Pomp.
1047 1351 1096 1412 69.
1128 1349 1206 1428 App.
1224 1348 1265 1422 ΙΙ,
1288 1351 1335 1410 ῖ6.
1382 1346 1512 1423 Caesar,
1543 1347 1602 1428 qui

389 1446 528 1527 timebat,
551 1466 589 1512 ne
617 1447 696 1528 legio
720 1449 838 1522 decima
859 1449 1000 1529 equitum
1024 1449 1223 1513 multitudine
1247 1449 1488 1528 opprimeretur,
1519 1446 1602 1510 alios

385 1547 504 1628 pedites
534 1553 605 1628 post
634 1566 730 1613 cornu
759 1550 919 1614 dexterum
951 1550 1067 1631 posuit,
1097 1556 1134 1613 ut
1165 1549 1278 1628 legioni
1309 1547 1461 1612 laboranti
1483 1546 1602 1610 anxilio

384 1647 536 1726 venirent,
559 1647 754 1730 adhortatus
775 1650 1189 1731 utorapetereutequitum
1210 1649 1452 1713 adulescentium
1464 1648 1603 1711 maxime

385 1746 558 1834 nobilium.
582 1748 635 1828 qui
665 1749 791 1830 quidem
823 1750 932 1815 faciem
960 1749 1164 1813 deformatam
1199 1749 1341 1813 timentes
1364 1749 1510 1813 resistere
1534 1767 1600 1812 non

384 1847 490 1912 ausuri
514 1853 627 1912 esseut.
691 1931 694 1938 ι

385 1955 549 2020 Plui.l.l.:
571 1953 968 2039 κιλεύσας..ὅτανπροσ-
1017 1959 1102 2042 App.
1125 1957 1147 2020 i.
1166 1956 1203 2020 i..·
1233 1955 1413 2032 ἐκέλευσεν,
1440 1948 1518 2015 ὅταν
1549 1953 1601 2014 αἴ-

383 2053 561 2120 ιλαύνωσιν
591 2055 622 2118 οἱ
651 2055 795 2131 ἱππεῖς.
819 2105 826 2120 .
855 2056 968 2139 ἐκδρα-
1017 2062 1166 2121 σθωνται
1195 2055 1270 2129 corle
1304 2055 1478 2135 asclepiade
1509 2076 1601 2133 περι-

382 2153 505 2235 μόντας
542 2206 548 2221 .
581 2204 587 2220 .
613 2159 723 2218 ιταιόιν
755 2151 825 2219 ἄνω
862 2175 968 2220 σοντι·
1016 2160 1173 2236 δέοντας,
1202 2155 1382 2238 α’ναττηδᾶν
1404 2153 1457 2215 καὶ
1478 2151 1521 2213 τοτ’
1543 2150 1601 2213 δό-

357 2307 359 2315 ,
383 2253 588 2338 τριδσκοντας
616 2251 753 2338 δ’μματα
781 2256 834 2319 καὶ
864 2255 968 2338 πρόσ-
1016 2280 1100 2336 ρατα
1116 2256 1329 2341 ἐσπηδῶντας
1344 2256 1489 2334 α’νίσχειν
1505 2252 1599 2335 ὀρδοὲ

384 2378 459 2419 (οντα
495 2359 560 2419 τῶν
599 2356 774 2438 πολεμίοιν·
832 2356 871 2418 ου’
907 2357 968 2437 γδρ
1018 2358 1049 2430 ἐς
1084 2357 1126 2418 τοὶ
1162 2356 1330 2439 πρόσωπα
1363 2359 1428 2417 τοῖν
1456 2352 1598 2434 οἷνδροῖν·

382 2459 496 2536 μινιῖν
524 2456 599 2530 τούς
625 2456 741 2531 καλοδς
760 2455 893 2530 τούτους
914 2455 968 2518 καὶ
1018 2457 1057 2542 ον’
1096 2457 1156 2537 γδρ
1202 2455 1304 2520 οἴσειν
1345 2455 1499 2535 αἰτείρονς
1543 2453 1599 2514 καὶ

382 2553 548 2638 οἷνδηρούς
571 2608 577 2620 ,
601 2605 608 2620 .
632 2555 687 2619 διδ
708 2556 767 2619 τδν
789 2557 967 2637 ώραϊσμδν.
1017 2566 1116 2636 νέους,
1138 2555 1370 2638 ὡραϊζομένους
1393 2557 1447 2619 ἔτι.

385 2671 478 2738 Ilicta
499 2679 574 2738 sunt
597 2674 691 2754 igitur
712 2673 819 2738 eadem
843 2674 883 2738 ab
906 2683 1039 2760 utroque
1061 2675 1177 2739 eisdem
1204 2675 1268 2738 fere
1291 2673 1391 2738 verbis
1414 2674 1457 2736 ita
1478 2676 1512 2734 ut
1533 2688 1595 2732 non

384 2771 484 2838 solum
531 2773 609 2839 idem
650 2775 873 2839 sententiarum
902 2776 994 2854 ordo,
1035 2776 1088 2839 sed
1122 2775 1215 2838 etiam
1245 2775 1371 2837 eaedem
1408 2771 1596 2852 singularum

385 2873 535 2940 orationis
558 2874 692 2955 partium
716 2875 946 2940 coniunctiones
970 2868 1140 2956 usurpatae
1161 2875 1366 2939 inveniantur.

468 2997 533 3062 lam
564 3015 632 3062 cum
662 2999 720 3064 sibi
744 3001 879 3081 oppositi
903 3006 1009 3064 essent
1032 3000 1187 3064 exercitus
1211 3007 1243 3063 et
1263 2999 1303 3062 ad
1326 3015 1460 3079 pugnam
1482 2994 1593 3076 parati,

386 3101 519 3178 uterque
541 3095 604 3162 (lux
630 3116 747 3163 moram
770 3099 905 3164 iaciebat
927 3100 1101 3180 pugnandi,
1121 3118 1189 3187 cum
1212 3117 1341 3179 magnae
1364 3098 1472 3162 civium
1496 3094 1594 3157 multi-

385 3194 512 3276 tudinis,
542 3197 592 3277 qui
617 3213 704 3262 arma
727 3204 835 3262 contra
857 3217 891 3263 se
911 3197 1030 3263 ferrent
1052 3204 1085 3263 et
1106 3200 1258 3279 pristinae
1281 3197 1434 3261 amicitiae
1454 3202 1485 3259 et
1507 3194 1593 3257 lauri-

383 3291 530 3360 llaritatis
553 3297 777 3361 meminissent.
820 3297 895 3362 Tria
918 3298 1002 3361 milia
1024 3299 1156 3362 militum
1182 3298 1292 3377 legioni
1314 3296 1450 3360 decimae
1471 3294 1591 3358 dedisse

383 3390 547 3458 Caesarem
571 3395 727 3475 praesidio
748 3402 881 3477 apparet
903 3415 953 3466 ex.
967 3396 1072 3478 Pomp.
1096 3398 1145 3461 ΙΙ.
1170 3398 1247 3477 App.
1269 3397 1314 3474 ΙΙ,
1336 3399 1384 3459 76.

464 3515 609 3600 Sequitur
627 3515 712 3582 locus
731 3535 791 3582 nou
808 3519 910 3584 minus
926 3520 1125 3584 similitudine
1146 3520 1370 3584 sententiarum
1384 3523 1415 3581 et
1427 3516 1588 3579 verborum

382 3633 476 3698 quam
500 3616 721 3698 compositione
744 3617 891 3699 insignis:

381 3721 465 3789 l’lot.
487 3725 546 3789 ⁴71:
586 3721 709 3805 Pompei
743 3725 864 3806 equites
896 3744 966 3807 pro-
1017 3729 1103 3808 App.
1122 3725 1169 3805 H,
1188 3728 1246 3790 78:
1269 3719 1469 3807 προῦχοντες
1490 3719 1520 3784 οἱ
1538 3721 1593 3781 τοῦ

380 3822 480 3903 gressi
499 3830 574 3887 suut
590 3821 631 3897 ιδς
647 3821 887 3905 κυκλωσόμενοι
908 3825 967 3890 τόν
1016 3830 1193 3909 Πομπηίον
1236 3825 1275 3888 τδ
1323 3825 1460 3886 δέκατον
1508 3818 1592 3892 τέλος

381 3925 534 4002 Καίσαρα
556 3970 563 3986 .
587 3972 593 3986 .
619 3971 625 3987 .
654 3929 818 4006 Καίσαρος
845 3925 882 3988 δὲ
911 3946 965 4009 ση-
1016 3925 1208 3988 ἐκυκλοῦντο
1242 3975 1248 3988 .
1281 3929 1444 4004 Καίσαρος
1482 3921 1519 3983 δὲ
1555 3918 1592 3981 τδ

378 4025 473 4102 μιῖον
504 4015 660 4104 ἄραντος,
698 4022 729 4086 οἱ
763 4028 824 4106 μὲν
851 4023 965 4100 ἱππεῖς
1017 4029 1152 4108 σημεῖον
1175 4077 1180 4088 .
1204 4025 1370 4105 αἴροντος,
1401 4022 1433 4085 οἳ
1458 4026 1518 4103 μὲν
1546 4019 1591 4093 ἐξ·

379 4117 639 4204 ἐξανεχώρησαν,
660 4118 825 4214 ..plebea
838 4173 844 4187 .
858 4173 864 4188 .
878 4123 963 4214 δψη-
1013 4123 1218 4198 αναστοίντες
1239 4125 1271 4197 ἐς
1289 4123 1364 4197 τοδς
1382 4122 1502 4193 ἵπποις
1516 4116 1592 4199 ἔχω’-

377 4219 443 4294 loir
459 4221 599 4301 ἐχρῶντο
614 4225 680 4296 τοῖς
695 4222 818 4302 ὑσσοῖς,
835 4223 963 4305 ἔφιέμε-
1014 4246 1103 4306 ρονν,
1134 4224 1247 4306 ὀρθοῖς
1275 4221 1345 4286 ἄνω
1371 4226 1438 4295 τοῖς
1458 4219 1591 4302 δόρασιν

378 4341 426 4381 νοι
456 4321 521 4383 τῶν
550 4320 748 4404 προσώπων.
805 4321 836 4384 οἱ
864 4322 901 4384 δὲ
923 4373 929 4388 .
953 4373 960 4387 .
1014 4323 1045 4396 ἐς
1075 4323 1118 4385 τα
1155 4321 1322 4407 πρόσωπα
1347 4321 1524 4392 τύπτοντες
1552 4366 1589 4382 ..
