3452 5036
969 416 1010 480 t8

464 603 526 667 lam
546 600 583 662 de
605 595 689 662 fonte
712 594 765 658 illo
787 612 900 676 graeco
921 581 1089 658 Plhtarcho
1107 598 1139 658 et
1158 592 1300 672 Appiano
1322 592 1474 657 communi
1496 591 1604 655 dicere

384 718 565 785 possumus,
590 699 620 762 in
645 714 705 777 quo
727 699 758 760 et
782 693 925 759 Caesaris
947 700 979 758 et
1002 694 1131 758 Tanusii
1155 700 1187 758 et
1210 693 1308 757 Asinii
1331 692 1479 757 Pollionis
1509 699 1606 756 erant

383 803 483 868 citata
502 800 628 864 nomina
650 803 682 862 et
704 796 807 876 verba,
829 802 861 858 et
883 814 921 859 cx
942 814 1001 877 quo
1024 794 1219 875 Theophanis
1240 811 1364 874 quoque
1386 798 1417 857 et
1439 791 1605 856 Posidonii

384 908 417 966 et
441 899 617 978 Timagenis
640 897 835 960 narrationes
857 895 1039 976 cognoverit
1059 894 1257 960 Plutarchus.

466 999 527 1080 Qui
557 998 659 1062 tontes
681 996 820 1078 primarii
849 1013 954 1059 omnes
978 994 1138 1059 confluunt
1165 995 1255 1075 quasi
1275 994 1306 1056 in
1336 1011 1431 1057 unum
1455 996 1606 1072 recepta-

384 1091 484 1166 culum
514 1099 545 1162 in
569 1097 731 1162 Strabonis
761 1095 909 1178 inceptant
932 1094 1169 1178 ὑπομνήματα,
1198 1093 1311 1174 quibus
1334 1092 1606 1157 continuationem

385 1202 473 1266 dedit
500 1198 615 1263 Strabo
644 1197 760 1278 Polybii
788 1196 998 1261 historiarum.
1047 1196 1162 1261 Strabo
1190 1194 1313 1276 quidem
1339 1193 1458 1270 fonteS,
1485 1191 1606 1272 quibus

385 1318 462 1365 usus
484 1305 549 1379 est,
571 1299 669 1362 citare
693 1295 855 1375 solebnt¹t

470 1399 637 1462 Videamus
667 1397 778 1477 igitur,
809 1403 912 1460 utrum
940 1395 1021 1459 omni
1051 1415 1089 1458 ex
1117 1402 1209 1476 parte
1232 1395 1345 1460 Strabo
1369 1401 1405 1459 ut
1425 1391 1494 1454 fons
1516 1408 1607 1454 com-

385 1500 487 1563 munis
510 1497 662 1579 probatus
684 1497 741 1576 sit,
769 1511 873 1560 necne.
924 1495 1044 1560 Graeca
1066 1503 1149 1560 certe
1172 1496 1280 1575 lingon
1301 1494 1427 1575 scripsit
1452 1491 1607 1555 historias
1700 1579 1701 1584 ρ

383 1617 483 1680 usque
515 1597 555 1660 ad
584 1614 699 1661 annum
728 1595 792 1660 fere
822 1599 860 1658 38
882 1613 910 1659 a.
935 1594 1006 1660 Chr.
1029 1615 1058 1659 n.
1091 1594 1241 1678 (fortasse
1270 1613 1368 1676 usque
1398 1592 1438 1656 ad
1469 1595 1606 1655 mortem

298 1733 300 1740 ,
387 1697 515 1761 Antonii
559 1702 592 1760 et
631 1694 847 1776 Cleopatrae),
896 1701 1047 1776 quantum
1091 1712 1127 1758 en
1173 1693 1306 1774 losepho
1351 1692 1499 1774 quidem,
1548 1704 1604 1774 qui

386 1797 565 1878 saepissime
592 1795 775 1858 Strabonem
813 1800 971 1858 auctorem
1011 1796 1103 1873 citat,
1143 1794 1281 1872 intellegi
1317 1793 1400 1858 licet..
1427 1857 1429 1860 ,
1452 1791 1499 1854 Ex
1531 1792 1604 1871 ipso

385 1897 480 1976 igitur
502 1893 657 1959 Strabone
680 1894 805 1956 nomina
826 1893 878 1957 illa
898 1901 1058 1958 auctorum
1081 1912 1174 1974 supra
1192 1893 1388 1959 bausiatorem
1411 1890 1606 1955 Plutarchus

387 1996 564 2074 descripsit,
587 1992 626 2057 ab
645 1993 712 2074 ipso
730 1998 762 2056 et
774 1992 962 2057 Plutarchus
985 2000 1016 2057 et
1033 1995 1193 2074 Appianas
1212 1993 1361 2057 derebus
1383 1990 1605 2072 geographicis

392 2095 496 2159 edocti
518 2097 607 2171 sunt,
637 2092 801 2172 inquibus
829 2093 1015 2156 ennarandis
1047 2094 1170 2175 saepius
1198 2093 1354 2174 longiores
1376 2094 1491 2172 sunt2).
1535 2091 1606 2154 Nec

457 2273 482 2340 Ῑ)
510 2273 608 2328 Strabo
633 2273 710 2336 XIII,
735 2275 799 2327 617:
827 2274 839 2324 ὃ
862 2275 1018 2344 συγγραφεὺς
1044 2275 1221 2342 Θεοφάνης.
1256 2266 1331 2333 οὗτος
1350 2317 1379 2331 .,
1415 2275 1546 2344 Πομπηΐῳ
1569 2272 1609 2344 τῷ

387 2363 488 2432 Μάγνῳ
506 2366 615 2427 κστίστη
634 2361 711 2421 φίλος.
745 2361 855 2418 μάλιστα
874 2362 917 2412 δαὶ
937 2363 986 2429 τήν
1005 2360 1097 2430 ἀρετήν
1113 2362 1205 2428 αὐτην,
1225 2362 1266 2411 καί
1283 2362 1369 2419 πάσας
1384 2361 1609 2432 ονχκατοὶρθωοιν

386 2448 457 2518 αὐτῷ
475 2448 522 2506 κάς
539 2448 656 2514 aptita„
676 2445 819 2515 descripsit
838 2449 930 2500 autem
951 2447 1024 2500 bella
1042 2445 1135 2500 civilia
1153 2447 1188 2500 ab
1207 2463 1279 2500 anno
1298 2447 1331 2500 60
1350 2447 1497 2516 proiectus.

455 2533 554 2587 Strabo
575 2533 625 2602 XI,
641 2533 706 2587 492:
725 2535 785 2594 φασί
802 2535 863 2599 χοιῖν
881 2537 908 2584 ἐν
923 2533 1000 2603 Ῥόδῳ
1017 2539 1147 2598 γινόμενον
1165 2536 1208 2584 τὸν
1227 2533 1419 2600 Πομπήιον
1438 2547 1609 2605 παρατνχιῖν

387 2622 551 2687 διαλιχομίνῳ
577 2618 621 2688 τῷ
639 2619 873 2687 Ποσειδωνίῳ,
898 2620 1010 2671 α’πιόντα
1036 2619 1060 2671 δ’
1079 2624 1199 2692 ἐρέσθαι,
1224 2624 1251 2671 a?
1270 2641 1296 2672 τι
1315 2620 1478 2686 προστάττει·
1517 2622 1559 2672 τὸν
1582 2623 1609 2673 δ’

388 2712 476 2760 renarr-
513 2708 567 2757 αι’ίν
585 2705 737 2774 ἀριστεύειν,
761 2707 803 2755 καί
828 2704 961 2772 ὑπείροχον
980 2709 1084 2766 ἔμμεναι
1103 2705 1192 2762 ἄλλων.
1229 2711 1366 2777 προστίθει
1385 2709 1412 2760 δι’
1432 2709 1538 2768 τούτοις,
1564 2709 1610 2760 ὅτι

387 2793 428 2844 καί
446 2793 494 2861 τήν
513 2793 625 2860 ἱστορίαν
643 2797 782 2860 συνέγραψε
800 2792 848 2858 τήν
867 2791 925 2861 περὶ
944 2794 1030 2845 αὐτόν.

456 2877 555 2932 Strabo
572 2878 619 2941 XI,
634 2879 699 2931 515:
719 2881 840 2948 νίρηκότις
857 2879 884 2929 δὲ
904 2879 983 2930 πολλὰ
1003 2880 1060 2948 πνρὶ
1081 2878 1132 2930 τῶν
1152 2878 1296 2948 Παρθικῶν
1315 2886 1425 2942 νομίμων
1444 2883 1471 2931 ἓν
1490 2880 1524 2954 τῇ
1542 2879 1609 2956 ἕκτη

387 2966 438 3018 τῶν
461 2964 603 3036 Ἱστορικῶν
637 2963 825 3032 ι’·πομνημιὶτων
848 2966 952 3046 βίβλῳ,
987 2967 1092 3035 δευτέρᾳ
1124 2965 1151 3016 δέ
1185 2965 1236 3016 τῶν
1261 2966 1326 3025 aad
1360 2966 1487 3030 Πολύβιον
1515 2985 1608 3034 παρα-

386 3053 504 3113 λιίψομεν
517 3090 612 3105 ......
631 3050 682 3102 τῶν
702 3051 864 3121 Παρθυαίων
882 3053 1010 3121 ουνίδριόν
1029 3071 1088 3119 φησι
1110 3051 1335 3111 Ποσειδώνιος
1352 3045 1417 3103 εἶναι
1435 3054 1530 3105 διττόν·
1542 3093 1565 3106 ..
1580 3077 1608 3107 .·

456 3135 554 3191 Strabo
572 3135 619 3200 IV,
640 3135 688 3190 188
708 3124 782 3196 ..ὥς
799 3139 877 3206 εἴρηκε
899 3140 1091 3205 Τιμαγένης

571 3221 630 3286 XV,
650 3222 681 3275 71
701 3222 784 3282 pillos
802 3224 829 3274 δί
848 3225 888 3273 καί
907 3225 935 3274 τὸ
954 3223 1002 3275 int
1023 3215 1182 3288 Τιμαγένους
1196 3227 1299 3291 λιχθίν.

421 3369 423 3376 ,
457 3308 606 3379 Timagene
625 3308 787 3364 Strabonem
812 3327 890 3362 usum
916 3327 972 3364 esse
992 3309 1123 3379 Iosephus
1145 3311 1239 3365 docet:
1268 3311 1607 3374 Ant.1ud.xl1111,3:

390 3396 433 3463 (de
454 3393 613 3449 Aristobulo
632 3394 708 3464 dicit)
728 3397 799 3456 φύσει
818 3395 841 3447 δ’
858 3400 959 3447 latrant
976 3400 1096 3466 ἐκέχρητο
1111 3439 1117 3449 .
1131 3437 1156 3452 ..
1177 3397 1210 3458 ὥς
1227 3409 1351 3470 μαρτυρεῖ
1368 3398 1443 3451 τοῦτο
1461 3400 1501 3449 καί
1512 3399 1606 3467 Στρά-

388 3487 441 3545 βων
459 3485 484 3533 ίκ
502 3481 549 3532 τοῦ
569 3483 781 3545 Τιμαγένους
798 3484 918 3542 ὀνόματος
937 3483 1016 3542 οὕτως
1025 3522 1100 3537 .....

458 3566 495 3620 Et
513 3565 608 3620 Asinio
626 3565 764 3630 Pollione,
788 3571 820 3620 ut
844 3567 921 3621 fonte
946 3568 1059 3635 optimo,
1085 3569 1247 3624 Strabonem
1270 3587 1351 3624 usum
1375 3587 1432 3624 esse
1457 3572 1486 3625 et
1505 3570 1604 3624 verisi-

389 3651 535 3706 millimum
562 3654 603 3707 est
622 3655 701 3706 etex
720 3652 825 3722 loseph.
844 3656 902 3708 ant.
921 3653 978 3706 Iud.
1001 3653 1073 3718 XIV,
1092 3655 1123 3718 8,
1141 3655 1173 3720 3,
1199 3655 1273 3724 quod
1297 3655 1332 3710 ad
1357 3655 1461 3710 bellurn
1487 3655 1603 3723 quidem

390 3738 606 3792 Alexandrinum
626 3738 740 3801 attinet,
763 3741 888 3807 apparet.
925 3740 997 3794 Haec
1016 3741 1086 3794 onim
1106 3741 1240 3811 Iosephus
1258 3742 1339 3796 dicit:
1363 3743 1604 3814 supergradiamur

389 3825 426 3895 τῷ
445 3826 507 3895 λόγῳ
525 3827 652 3897 Στράβων
672 3825 683 3876 ὅ
702 3827 850 3884 Καππάδοξ
868 3828 946 3892 λέγων
965 3830 997 3885 ἐξ
1011 3828 1156 3879 Ἀσινίου
1174 3829 1294 3889 ὀνόματος
1311 3829 1398 3890 οὕτως·
1408 3871 1414 3884 .
1425 3870 1431 3883 .
1443 3872 1466 3886 ..

458 3943 486 4011 2)
506 3941 646 4011 Appianas
665 3961 725 3997 cum
744 3943 773 3997 in
792 3944 874 3999 rebus
895 3944 1088 4014 geographicis
1107 3945 1259 4000 tractandis
1277 3948 1459 4018 neglegenter
1477 3951 1602 4003 versetur

391 4031 420 4084 et
438 4029 468 4081 in
491 4045 606 4098 magnos
629 4029 734 4084 incidat
760 4046 877 4095 errores,
904 4034 936 4084 ut
960 4031 1028 4086 lber.
1055 4034 1112 4086 ch*
1138 4033 1245 4088 lberum
1271 4034 1300 4087 in
1327 4052 1401 4089 arare
1427 4034 1598 4090 Atlanticum

391 4115 501 4169 effluere
522 4116 615 4180 docet,
641 4115 710 4170 Iber.
730 4117 754 4170 7.
773 4117 813 4170 17.
832 4117 847 4170 3
871 4117 970 4186 quibus
992 4116 1057 4172 locis
1076 4119 1229 4188 Saguntum
1247 4120 1321 4175 inter
1339 4122 1449 4176 Iberum
1470 4125 1500 4177 et
1515 4122 1600 4191 Pyre·

391 4217 491 4254 naerrm
507 4200 607 4255 saltum
626 4202 707 4257 situm
723 4221 779 4257 esse
793 4203 868 4268 dicit,
892 4203 954 4258 aliis
969 4203 1042 4270 loeis,
1056 4205 1085 4259 in
1103 4206 1174 4261 bello
1186 4207 1262 4263 cirili
1275 4210 1383 4278 saepius
1400 4211 1601 4280 geographicas

391 4287 442 4340 dat
460 4286 668 4356 descriptiones,
695 4307 763 4358 quas
782 4290 907 4358 qrramvis
926 4292 1105 4360 neglegenter
1128 4294 1230 4348 relatas
1247 4295 1282 4349 de
1301 4296 1383 4350 rebus
1407 4297 1602 4367 geographicis
