3452 5036
994 465 1035 529 ⁶20

490 650 556 732 Qua
581 671 616 716 ex
640 646 870 729 comparatione
899 646 998 710 elucet
1028 645 1103 710 locis
1135 648 1312 711 memoratis
1343 666 1402 712 uno
1433 667 1519 713 nsum
1549 670 1625 716 esse

408 752 608 818 Plutarchum
638 745 931 829 00100100010010,
958 765 1048 830 quom
1071 747 1193 827 saepius
1220 746 1283 810 lere
1306 749 1420 812 eisdam
1442 750 1543 814 verbis
1569 753 1627 814 de-

404 852 574 932 scripserit.
619 849 694 914 Cum
714 853 817 911 autem
835 845 1031 924 Plutarchus
1055 846 1236 926 ubicumque
1259 866 1308 910 res
1331 847 1456 928 Pompei
1480 851 1625 931 attingit,

404 951 509 1017 eodem
531 950 617 1014 tonte
640 965 715 1012 usus
739 948 790 1023 sit,
813 964 874 1026 quo
897 946 927 1010 in
953 945 1017 1009 vita
1040 945 1176 1025 Pompei,
1200 947 1230 1008 10
1253 949 1364 1011 ceteris
1386 966 1509 1030 quoque
1525 951 1626 1014 rebus

404 1052 570 1116 narrandis
592 1049 674 1114 hunc
696 1047 812 1112 fontem
837 1064 906 1109 eum
929 1044 1109 1109 adhibuisse
1130 1046 1294 1110 verisimile
1315 1056 1374 1113 est.

486 1166 581 1231 Cuius
627 1164 720 1229 100110
765 1170 874 1226 auctor
919 1179 999 1242 quae
1044 1180 1114 1224 nam
1171 1171 1310 1242 tempora
1355 1164 1530 1246 complexus
1581 1169 1626 1229 sit

404 1286 441 1330 ex
478 1265 553 1329 locis
590 1264 710 1328 collatis
738 1263 877 1327 conicere
913 1262 993 1326 licet.
1052 1259 1201 1324 Narratit
1232 1263 1311 1324 enim
1341 1281 1392 1326 res
1427 1282 1446 1328 a
1477 1265 1625 1330 Sertorio

403 1373 526 1446 gestas,
562 1364 667 1428 Sullae
703 1380 825 1444 quoque
860 1362 1044 1427 mentionem
1083 1360 1172 1436 tocit3
1218 1379 1272 1425 eas
1311 1361 1408 1441 igitur
1448 1382 1497 1428 res
1534 1372 1623 1428 com·

402 1465 603 1548 prehendisse
619 1463 777 1544 putandus
796 1466 854 1538 est,
876 1478 956 1542 quae
978 1461 1047 1525 inde
1065 1478 1084 1523 a
1099 1460 1203 1524 Sullae
1225 1460 1383 1526 dictatura
1396 1454 1509 1544 'gestae
1532 1473 1624 1529 sunt.

403 1565 695 1643 Tractasseautem
718 1580 785 1626 eum
809 1579 858 1624 ras
881 1577 980 1640 usque
1000 1560 1039 1622 ad
1056 1561 1183 1641 Pompei
1206 1580 1311 1627 necem
1326 1562 1382 1627 loci
1399 1564 1532 1629 vitarum
1548 1584 1623 1629 cum

403 1663 531 1743 Pompei·
552 1663 632 1725 vitae
661 1661 735 1726 locis
764 1660 936 1740 comparati
967 1660 1088 1738 docent,
1120 1678 1179 1723 000
1204 1660 1303 1724 01000
1325 1679 1404 1743 quae
1425 1660 1623 1744 temporibus

402 1760 538 1843 posteris
570 1779 588 1822 a
615 1760 749 1824 Caesare
780 1766 870 1839 gesta
902 1763 975 1821 sunt
1007 1759 1038 1821 10
1071 1758 1177 1822 eodem
1204 1777 1297 1840 opere
1330 1759 1487 1843 descripta
1520 1762 1623 1828 luisse

402 1878 469 1925 cum
494 1878 530 1923 ex
561 1859 627 1923 loco
649 1857 741 1924 Bruti
765 1863 840 1938 lsq.
866 1875 941 1921 cum
965 1857 1054 1922 Caes.
1077 1859 1116 1920 62
1150 1858 1262 1922 collato
1283 1859 1431 1941 conicias,
1464 1868 1529 1925 tum
1553 1865 1622 1926 vita

403 1960 532 2023 Antonii
554 1967 586 2023 01
604 1958 761 2022 Ciceronis
785 1958 959 2021 accuratius
982 1958 1130 2038 inspectis
1151 1967 1182 2020 et
1204 1978 1273 2022 cum
1298 1958 1443 2025 Caesaris
1466 1962 1621 2026 aliorum-

401 2078 461 2142 que
484 2060 555 2122 vitis
584 2058 704 2122 collatis
733 2057 908 2139 apparebit.
952 2057 1017 2120 lam
1041 2056 1197 2136 videmus,
1225 2058 1298 2139 qnid
1326 2060 1398 2123 inde
1427 2060 1465 2124 do
1491 2060 1577 2124 10010
1602 2081 1622 2126 0

401 2157 566 2222 Plutarcho
590 2158 743 2239 descripto
765 2155 909 2233 colligere
928 2158 1089 2236 possimus.
1130 2157 1207 2220 Cum
1230 2159 1309 2221 enim
1332 2159 1437 2223 Sullae
1458 2179 1508 2224 res
1532 2163 1620 2239 apud
1706 2145 1707 2172 ¹

401 2276 469 2321 eum
493 2259 586 2321 luisse
609 2257 897 2334 demonstrauimus
920 2263 1052 2336 apparot
1073 2257 1111 2320 do
1131 2258 1237 2320 Asinio
1261 2256 1407 2339 Pollione,
1430 2276 1521 2338 quem
1544 2279 1621 2324 000-

400 2364 465 2420 0101
488 2357 558 2420 inde
584 2357 624 2421 ab
646 2375 726 2420 anno
750 2357 811 2420 1144
841 2374 891 2419 ros
920 2373 1051 2419 narrare
1074 2357 1230 2438 coepisse,
1259 2358 1387 2436 cogitari
1421 2377 1480 2422 non
1510 2378 1616 2442 posse,

401 2476 463 2540 quo
486 2476 566 2520 nouo
590 2462 773 2537 argumento
797 2455 938 2518 Basincri
962 2456 1120 2519 sententia
1141 2456 1301 2522 refellitur,
1344 2456 1430 2520 Idem
1455 2459 1486 2522 in
1510 2458 1616 2522 Sallu-

400 2557 493 2621 stium
508 2558 600 2637 cadit‚
624 2558 711 2622 00100
732 2555 935 2619 historiarum
958 2554 1134 2633 fragmenta
1155 2575 1269 2620 annum
1282 2559 1342 2622 1187
1366 2575 1426 2621 000
1449 2559 1616 2641 excedunt,

400 2673 467 2720 cum
490 2657 580 2721 1000
608 2657 673 2737 ipso
697 2662 849 2736 tempore,
879 2655 963 2734 quod
986 2656 1142 2735 sequitur,
1172 2656 1376 2720 describendo
1398 2675 1516 2721 summa
1544 2657 1617 2722 dili·
1705 2689 1706 2744 3

365 2760 369 2770 '
400 2757 507 2836 gentio
531 2756 732 2821 Plutarchum
764 2755 851 2818 10010
880 2752 931 2817 1110
953 2771 1043 2818 usum
1072 2773 1139 2818 esse
1168 2756 1243 2820 locis
1263 2756 1387 2837 Pompei
1415 2764 1447 2819 01
1470 2757 1616 2822 Caesaris

401 2858 534 2921 vitarum
558 2857 636 2920 00110
658 2857 906 2920 demonstratum
929 2857 1019 2935 esta.
1056 2855 1165 2935 Neque
1183 2856 1308 2920 Asinius
1329 2873 1428 2936 nequa
1446 2855 1616 2922 Sallustius

400 2957 496 3037 igitur
518 2956 679 3020 materiam
702 2953 915 3035 praebuerunt
936 2953 1116 3019 Plutarcho.

484 3160 637 3237 Quoniam
653 3157 814 3223 Plutarchi
834 3156 916 3220 vitas
939 3156 1021 3220 inter
1043 3174 1076 3220 se
1099 3157 1296 3236 0001011000,
1319 3177 1399 3223 0000
1421 3160 1460 3224 ad
1477 3161 1615 3240 Appiani

401 3278 468 3325 curn
485 3259 652 3325 Plutarcho
671 3257 934 3339 comparationem
952 3257 1124 3334 veniamus,
1140 3258 1193 3339 qui
1212 3257 1359 3338 plurimos
1378 3259 1509 3339 praebet
1527 3259 1616 3328 locos

400 3360 587 3425 adverbum
611 3377 704 3440 saepo
727 3377 793 3422 cum
817 3356 975 3421 Plutarchi
1003 3356 1236 3420 narrationibus
1264 3359 1500 3424 consentientes.
1544 3360 1617 3436 Qua

400 3480 438 3524 ex
466 3459 667 3524 similitudine
696 3457 831 3522 maxima
852 3456 984 3520 vitarum
1007 3454 1165 3520 Plutarchi
1194 3467 1226 3520 et
1247 3463 1355 3522 mutua
1377 3465 1409 3522 et
1436 3477 1503 3522 cum
1526 3460 1616 3527 libris

401 3560 533 3642 Appiani
561 3558 726 3641 apparebit
748 3574 810 3621 000
833 3554 918 3619 10010
941 3554 1083 3619 uberiore
1109 3561 1142 3618 et
1165 3555 1363 3620 Plutarchum
1385 3564 1416 3621 01
1438 3559 1614 3639 Appianum

402 3678 474 3725 0000
507 3677 584 3724 0000.
637 3657 706 3735 Qua
743 3657 773 3720 10
803 3654 1034 3736 comparatione
1070 3654 1208 3734 singulas
1245 3657 1491 3738 pervestigamus
1528 3661 1616 3726 vitae

400 3765 506 3841 partes
528 3777 547 3823 a
570 3757 609 3823 H.
632 3756 744 3822 Petere
765 3755 948 3835 descriptae.

483 3875 525 3940 ht
545 3874 728 3959 priusquam
750 3871 788 3937 ad
819 3872 917 3952 ipsam
939 3871 1102 3951 utriusque
1127 3872 1260 3934 auctoris
1284 3873 1465 3938 accedamus
1487 3892 1614 3957 compa·
1703 3937 1704 3942 ,

401 3977 569 4056 rationem,
593 3991 674 4059 quae
697 3973 736 4039 de
760 3971 895 4053 Appiani
917 3969 1055 4034 tontibus
1078 3969 1135 4033 viri
1157 3971 1239 4035 docti
1261 3971 1444 4051 iudicarint,
1464 3992 1522 4054 age
1543 3974 1617 4039 bre-

402 4075 481 4138 viter
504 4077 689 4155 repetamus.
733 4071 777 4135 hc
805 4071 938 4154 primum
969 4069 1092 4151 quidem
1121 4073 1238 4133 nostris
1266 4072 1455 4152 temporibus
1476 4072 1614 4139 Ha'nnalr

400 4207 593 4216 —---—--·

472 4271 497 4340 1)
517 4271 631 4324 Paterna
652 4265 821 4336 Theophane
845 4281 925 4320 naum
944 4281 1000 4320 esse
1021 4265 1198 4318 Plutarchum
1219 4267 1247 4319 in
1268 4267 1340 4320 bello
1360 4267 1546 4322 Mithridatico
1565 4269 1612 4322 de-

403 4357 543 4412 scribendo
559 4357 653 4428 putat,
673 4355 704 4408 01
722 4351 776 4407 iam
797 4355 1023 4424 supradiximus.
