3452 5036
958 408 997 473 34

375 593 542 673 pertinent,
565 589 695 655 tradidit
704 588 878 670 Pompeium
901 605 1020 653 summo
1039 585 1144 655 studio
1167 591 1266 655 uisum
1281 609 1360 669 esse,
1383 596 1418 654 ut
1432 589 1583 655 Catonem

376 692 434 756 sibi
456 691 631 755 conciliaret
656 691 693 769 (r.
716 693 787 768 44),
818 691 848 752 in
879 689 1033 769 triumplro
1063 691 1186 754 tabulas
1216 691 1412 755 circumlatas
1440 709 1525 768 esse,
1554 691 1585 753 in

376 791 493 873 quibus,
521 799 632 872 gentes
660 790 810 854 recitatae
838 797 960 867 esseut,
994 790 1032 852 de
1062 791 1174 872 quibus
1196 789 1357 872 Pompeius
1378 777 1589 875 triumpharet

377 892 413 969 (c.
433 893 501 968 45),
531 889 727 970 Pompeium,
756 897 791 952 ul
819 889 961 970 placaret
989 890 1177 970 Scipionem,
1211 893 1257 954 cui
1283 891 1409 968 Iuliam,
1440 889 1587 955 Caesaris

375 989 479 1068 filiam,
502 1008 645 1071 sponsam
668 990 860 1068 abduxisset,
881 1005 967 1050 suam
991 987 1018 1051 ei
1040 987 1134 1051 filiam
1152 990 1354 1073 spopondisse
1376 990 1414 1070 (c.
1426 993 1489 1069 47),
1513 989 1588 1054 Cul-

375 1091 492 1155 leonem
521 1090 667 1170 Pompeio
702 1089 853 1167 suasisse,
889 1094 926 1151 ut
956 1087 1032 1151 lulla
1069 1089 1196 1169 coniuge
1214 1137 1217 1142 .
1235 1089 1361 1154 dimissa
1394 1107 1413 1152 4
1443 1089 1588 1154 Caesaris

376 1192 515 1272 partibus
531 1209 549 1254 a
566 1195 707 1254 senatum
726 1189 877 1254 transiret
892 1187 967 1266 (49).
1002 1188 1101 1252 Porro
1123 1189 1264 1253 conferas
1288 1209 1313 1254 c.
1336 1195 1384 1268 ab,
1409 1190 1461 1255 ubi
1480 1191 1588 1253 variae

302 1277 305 1292 ’
376 1291 551 1355 afferuntur
564 1289 641 1369 legis
656 1287 878 1356 frumentariae
894 1303 1007 1351 causae
1022 1296 1054 1352 44
1071 1307 1164 1373 quam
1186 1290 1266 1353 bene
1288 1297 1320 1354 44
1340 1291 1504 1366 diligenter
1520 1309 1589 1354 mu-

376 1410 450 1456 nere
469 1391 526 1455 sibi
544 1389 648 1453 oblato
665 1388 789 1452 functus
806 1388 847 1452 sit
861 1387 1028 1470 Pompeius
1051 1396 1206 1454 narratur.
1245 1389 1366 1468 Quibus
1381 1389 1480 1453 addas
1495 1390 1588 1454 haec:

458 1510 483 1554 c.
507 1491 564 1554 53:
586 1489 624 1554 de
648 1496 749 1553 morte
772 1494 804 1551 et.
825 1487 985 1569 sepultura
1008 1488 1084 1552 dicit
1104 1489 1211 1572 Iuliae,
1233 1490 1358 1570 Pompei
1380 1490 1531 1572 coniugis,
1557 1497 1593 1554 44

379 1589 417 1654 de
440 1607 545 1654 amore
566 1589 704 1669 coniugis
726 1588 898 1668 utriusque.

458 1708 483 1754 c.
506 1691 563 1754 55:
597 1689 689 1771 plura
709 1687 854 1752 dicuntur
882 1688 921 1752 de
943 1686 1105 1753 Corneliae
1137 1689 1275 1770 coniugis
1297 1689 1435 1754 moribus
1457 1697 1489 1753 44
1518 1707 1592 1754 eru-

378 1789 496 1854 ditione
517 1788 609 1853 bona.

414 1901 420 1913 '
459 1907 484 1954 c.
507 1894 564 1952 57:
597 1907 664 1953 cum
687 1887 867 1968 Neapolim
890 1887 1030 1954 morbum
1056 1888 1216 1954 incidisset
1237 1891 1416 1970 Pompeius
1443 1889 1592 1970 Neapoli·

378 1988 443 2052 tani
479 1988 661 2069 Praxagora
692 1995 819 2052 auctore
850 1994 883 2051 44
914 1988 985 2051 inde
1016 1994 1084 2052 4444
1116 1987 1208 2052 144144
1240 2007 1330 2054 44444
1362 1990 1503 2054 fecerunt
1532 2008 1593 2070 pro

377 2088 503 2168 Pompei
530 2090 631 2151 salute
659 2094 693 2151 et
720 2087 800 2151 bona
824 2087 1007 2152 valetudine.
1051 2087 1120 2164 Qua
1146 2107 1184 2152 ex
1213 2107 1248 2152 re
1277 2108 1338 2153 non
1365 2075 1491 2171 parvam
1517 2107 1592 2153 con-

373 2187 460 2266 cepit
483 2187 649 2268 Pompeius
678 2204 764 2268 spem
794 2206 828 2251 se
851 2187 1016 2268 Caesarem
1045 2188 1135 2252 facile
1161 2196 1379 2269 superaturum
1402 2194 1523 2253 essaei
1546 2189 1590 2252 ad

379 2287 502 2351 nimiam
532 2306 608 2352 suae
630 2289 827 2353 auctoritatis
854 2295 886 2352 44
911 2289 1078 2371 potestatis
1105 2289 1258 2353 adductus
1285 2296 1334 2352 444
1360 2288 1593 2354 confidentiam.

459 2406 544 2486 App.
566 2406 681 2470 Miller.
706 2407 781 2470 117:
817 2405 967 2468 nominem
1008 2404 1161 2469 interfecit
1195 2407 1386 2492 captivorum
1423 2407 1590 2486 Pompeius

378 2513 503 2585 praeter
519 2505 741 2583 aristobulum,
761 2505 945 2588 quistatim,
963 2511 994 2570 44
1006 2505 1182 2585 Tigranem,
1202 2507 1252 2586 qui
1265 2513 1375 2586 postea
1387 2514 1517 2571 necatus
1529 2515 1589 2572 444.

378 2604 501 2670 Falsam
524 2613 627 2670 autem
651 2604 729 2670 hauc
749 2623 816 2670 4444
839 2606 877 2669 de
900 2605 1036 2685 Tigrane
1057 2605 1157 2668 occiso
1180 2607 1393 2669 narrationem
1422 2607 1486 2672 iarn
1509 2605 1589 2670 dixi-

378 2723 455 2770 mus.
478 2741 517 2762 -r
538 2706 607 2769 Alia
619 2704 659 2788 ¹),
686 2723 736 2769 res
763 2705 958 2786 potissimum
984 2702 1168 2783 familiares,
1195 2703 1377 2770 brevissime
1399 2711 1532 2783 tractat,
1557 2705 1588 2770 in

378 2804 471 2869 rebus
507 2804 623 2869 bellicis
656 2812 688 2868 44
722 2805 766 2868 444
798 2803 941 2884 publicae
976 2803 1177 2868 interioribus
1214 2804 1376 2868 narrandis
1412 2805 1586 2870 accuratior

379 2904 559 2985 plerumque
581 2910 724 2970 versatur
746 2923 838 2986 quam
860 2903 1056 2968 Plutarchus,
1488 2914 1491 2918 ’

448 3044 609 3109 .Videmus
639 3045 740 3126 igitur,
766 3046 796 3108 in
825 3045 882 3109 hac
911 3061 1031 3125 quoque
1059 3050 1150 3125 porte
1179 3045 1395 3128 disputationis
1424 3045 1588 3109 verisimile

264 3173 266 3178 ¹
379 3163 448 3209 4444
471 3144 675 3209 Plutarchum
700 3152 731 3209 et
754 3144 926 3226 Appianum
953 3142 1069 3208 fontem
1093 3143 1239 3208 babuisse
1265 3163 1455 3209 communem
1477 3162 1588 3224 graece

279 3261 280 3264 ’
380 3246 541 3325 scriptum.

953 3462 1021 3528 Vll.

463 3588 620 3654 Bellum
648 3587 770 3652 civile
798 3587 997 3669 usquead
1023 3604 1192 3669 pugnam
1219 3585 1507 3650 Pharsalicam.

648 3705 650 3708 ·
895 3706 921 3753 c.
944 3689 1077 3753 58-7a.

382 3813 468 3878 elur.
491 3812 599 3893 Pomp.
623 3816 667 3878 58
688 3809 777 3877 Caes.
800 3817 859 3876 29:
893 3830 961 3877 cum
1012 3814 1095 3896 App.
1119 3811 1170 3889 II,
1192 3814 1237 3875 25
1251 3830 1312 3892 ap:
1343 3807 1417 3872 dicit
1444 3805 1590 3907 Marcello

382 3910 547 3994 (centurio)
582 3912 643 3975 dux
669 3908 795 3993 quidam
821 3910 962 3976 Caesaris
1011 3910 1209 3993 prohibente,
1246 3928 1284 3973 ne
1320 3908 1480 3989 imperium
1520 3926 1591 3988 pro·
1699 3907 1700 3970 l

453 4121 479 4188 1)
498 4116 599 4188 passim
618 4115 791 4179 Plutarchus,
811 4135 872 4171 cum
891 4118 1026 4173 derebus
1045 4115 1229 4172 familiaribus
1247 4112 1315 4167 dicit
1333 4099 1459 4185 Pompei,
1484 4115 1593 4170 uberior

383 4211 426 4263 444
438 4223 520 4276 quarn
538 4203 693 4274 Appianum
712 4202 842 4257 nimirum
863 4204 933 4258 aller
948 4205 1032 4260 vibam
1051 4202 1180 4258 describit
1192 4201 1313 4270 Pompei,
1333 4201 1404 4256 alter
1417 4217 1460 4254 res
1478 4217 1592 4270 magnae

383 4298 412 4348 44
430 4295 466 4349 ab
484 4293 546 4346 aliia
567 4293 596 4343 44
614 4289 715 4343 abillo
733 4294 830 4359 gentas.
1308 4294 1311 4302 '
