3452 5036
726 455 744 520 3

135 655 219 717 esse,
247 655 317 702 cum
339 635 462 702 minime
484 635 639 700 inimicum
661 635 693 700 in
714 634 894 716 Pompeium
918 634 1055 698 animum
1083 631 1230 715 prodant.
1280 633 1343 698 De·

137 737 208 802 inde
230 737 360 802 Peterus
381 736 421 800 ad
443 736 631 800 sententiam
655 752 741 800 suam
764 733 954 816 probandam
978 733 1108 800 Sallusti
1130 740 1162 798 et
1183 731 1343 798 Plutarchi

135 837 221 902 locos
242 836 394 918 quosdam
418 835 546 913 attulit,
568 853 644 916 quos
666 838 757 916 putat
779 833 949 898 simillimos
970 851 1047 900 esse.
1092 833 1150 912 Qui
1174 851 1342 920 quamnam

135 936 273 1004 habeant
294 937 355 1000 vim
377 935 417 1000 ad
433 936 620 1000 sententiam
638 933 722 1000 illam
738 931 990 1012 confirmandam,
1011 932 1059 997 vel
1077 951 1115 997 ex
1129 934 1230 1014 primo
1243 933 1343 998 elucet

135 1035 201 1102 loco
221 1035 305 1100 Plut.
326 1036 345 1100 Ι
368 1034 436 1100 coll.
459 1053 525 1100 cum
551 1033 626 1100 Sall.
649 1035 705 1114 ΙΙΙ,
723 1039 757 1114 b,
780 1052 841 1118 quo
864 1033 904 1098 dc
925 1033 1051 1114 Pompei
1074 1051 1141 1101 curn
1164 1033 1342 1098 Alexandro

136 1135 335 1200 similitudine
351 1133 482 1216 dicitur3
505 1133 691 1200 Plutarchus
704 1134 784 1212 enirn
799 1133 1008 1216 »dryopdrqo«
1022 1133 1097 1198 dicit
1108 1132 1342 1197 similitudinem

137 1234 279 1316 »μᾶλλον
299 1230 322 1320 ἠ·
344 1243 561 1318 φαινομένηνα
592 1234 705 1312 fnisse,
736 1233 904 1300 Sallustius
935 1239 1037 1298 autem
1067 1233 1248 1315 Pompeium
1277 1249 1342 1297 ser-

134 1353 224 1400 mone
254 1335 408 1400 iautorum
441 1334 570 1400 similem
599 1334 664 1421 iore
693 1352 727 1400 se
756 1335 932 1400 credentem
960 1333 1135 1399 Alexandro
1165 1333 1230 1412 regi
1258 1330 1343 1396 iacta

134 1434 339 1514 consultaque
369 1435 434 1498 eius
464 1431 653 1500 aemulatum
682 1452 751 1500 esse
787 1435 900 1516 prodit.
957 1435 1017 1500 Sed
1052 1433 1211 1514 vulgatam
1247 1430 1342 1496 fuisse

133 1532 216 1598 illam
254 1534 517 1615 comparationem
550 1532 735 1601 Plutarchus
772 1535 871 1615 docet,
907 1553 976 1600 curn
1014 1539 1141 1598 enarret
1166 1530 1341 1614 Philippum

134 1632 326 1698 consularem
348 1652 405 1715 pro
427 1633 572 1714 Pompeio
596 1633 747 1701 dicentem
769 1623 828 1715 ρετ
846 1635 964 1714 iocum,
995 1639 1031 1698 ut
1054 1650 1142 1698 suam
1168 1630 1342 1695 declararet

133 1735 362 1816 praesentiam,
390 1726 610 1814 pronuntiasse
638 1752 698 1798 non
729 1752 798 1799 esse
822 1733 949 1815 mirum,
981 1733 1063 1815 quod
1087 1734 1153 1814 ipse
1177 1732 1343 1805 Φίλιππος

134 1837 176 1900 sit
204 1833 463 1918 φιλαλέξαιδρος.
514 1833 574 1898 Alii
603 1840 677 1898 sunt
706 1833 868 1899 Plutarchi
896 1833 955 1899 loci
985 1851 1052 1898 cum
1082 1832 1230 1898 Sallustio
1260 1849 1343 1898 com-

133 1935 237 2015 parati
258 1934 307 1998 hi:
338 1933 422 1998 Plut.
445 1951 470 1998 c.
494 1935 513 1998 8
543 1933 617 1999 Sall.
638 1934 693 2011 ΙΙΙ,
716 1933 750 1999 6:
781 1933 868 1999 Sulla
895 1932 1042 2014 Pompeio
1072 1933 1342 2014 appropinquante

134 2052 215 2114 equo
238 2033 414 2116 descendit,
442 2033 594 2114 assurgit,
622 2039 717 2115 caput
738 2035 848 2115 aperit.
870 2068 909 2081 —-
930 2033 1013 2098 Plut.
1034 2051 1058 2097 c.
1084 2038 1121 2098 10
1144 2032 1217 2098 Sall.
1239 2034 1263 2112 Ι,
1285 2033 1341 2098 dd:

134 2134 234 2199 Carbo
256 2134 380 2214 indigne
402 2135 498 2198 vitam
520 2134 675 2215 producit.
706 2169 743 2180 -
766 2134 850 2199 Plut.
871 2153 896 2200 c.
922 2137 958 2197 12
982 2133 1055 2199 Sall.
1079 2134 1103 2213 Ι,
1129 2139 1175 2198 ll.
1198 2169 1238 2179 —
1260 2132 1361 2216 Plut.,

133 2255 158 2300 c.
184 2239 220 2298 16
243 2233 317 2300 Sall.
339 2235 363 2315 I,
382 2239 430 2299 21.
451 2269 496 2316 -Ι
513 2234 594 2298 Plut.
617 2235 684 2299 eod.
708 2235 727 2300 l.
750 2234 822 2300 Sall.
845 2236 869 2316 Ι,
892 2237 998 2316 thia.

209 2340 329 2420 Quibus
346 2341 419 2407 locis
435 2341 605 2406 similitudo
620 2348 724 2407 exstat
739 2360 853 2422 rerum,
875 2360 931 2408 nec
945 2346 1047 2407 tamen
1062 2341 1237 2406 vorborum.
1279 2341 1341 2406 Res

132 2445 257 2520 autem,
297 2441 328 2504 in
368 2441 481 2522 quibus
521 2443 704 2508 enarrandis
742 2443 958 2520 consentiunt,
994 2437 1198 2524 'pervulgatae
1240 2446 1339 2506 erant.

131 2539 312 2622 Pompeium
344 2541 423 2604 enirn
452 2543 482 2606 in
505 2559 619 2621 magno
641 2542 723 2623 apud
746 2541 864 2607 Sullam
887 2542 984 2606 fuisse
1007 2542 1045 2606 ob
1068 2541 1286 2606 auctoritatem
1309 2543 1341 2604 ct

109 2645 320 2720 ‘potestatem
350 2637 467 2706 honore
494 2641 571 2705 satis
595 2646 702 2706 notum
725 2647 811 2722 erat,
843 2660 900 2706 nec
921 2641 1062 2730 inusitati
1084 2646 1174 2706 erant
1195 2640 1339 2718 honores

132 2739 243 2819 quibus
268 2740 448 2820 Pompeium
470 2741 574 2806 affecit
596 2741 699 2824 Sulla;
729 2761 799 2808 nam
822 2742 991 2807 secundum
1016 2741 1157 2808 Servium
1185 2740 1225 2805 ad
1250 2739 1340 2820 Verg.

131 2840 208 2903 Aen.
231 2840 286 2922 Xl,
307 2843 384 2905 500:
414 2845 583 2920 »quattuor
612 2847 704 2907 erant
733 2842 814 2924 apud
842 2843 1016 2924 Romanos,
1046 2858 1125 2923 quae
1151 2841 1191 2906 ad
1218 2838 1339 2905 honori·

132 2937 287 3003 licentiam
315 2939 529 3020 pertinebant,
561 2958 639 3021 equo
662 2941 801 3021 desilire,
831 2948 924 3023 caput
945 2943 1085 3023 aperire,
1108 2941 1159 3005 via
1181 2938 1339 3019 decedere,

131 3055 306 3118 assurgere.
357 3038 423 3104 Hoc
451 3041 543 3104 etiam
571 3059 741 3123 praecones
769 3048 955 3123 praeeuntes
977 3043 1182 3122 magistratus
1205 3038 1339 3104 clamare

131 3136 346 3223 dicebantur«.
389 3137 454 3203 Nec
482 3139 607 3220 dubito,
637 3143 710 3222 quin
742 3142 867 3222 ignavia
893 3142 947 3206 illa
971 3141 1121 3206 Carbonis
1146 3143 1222 3205 nota
1243 3138 1339 3202 fuerit
1425 3143 1427 3150 ’

130 3235 288 3317 plerisque
302 3237 474 3322 Romanis,
503 3238 623 3304 Ceteris
640 3246 744 3305 autern
767 3240 841 3306 locis
859 3242 963 3306 citatis
978 3229 1138 3323 perpauca
1154 3244 1236 3318 sunt,
1258 3255 1339 3318 qnae

130 3336 266 3416 aliquam
297 3336 526 3403 similitudinem
557 3357 663 3403 rerum
692 3339 837 3405 habeant.
888 3341 952 3406 Nec
973 3339 1109 3422 Appiani
1139 3338 1226 3403 deest
1252 3336 1337 3401 locus

132 3435 263 3500 Sallusti
284 3436 460 3518 fragmento
483 3438 606 3503 similis:

171 3551 255 3617 Plut.
277 3553 381 3636 Pulnp.
406 3557 463 3620 lb:
493 3545 558 3619 εἷλε
587 3555 626 3618 δὲ
655 3555 709 3618 καὶ
736 3559 801 3619 τῶν
822 3557 982 3638 βασιλέων
1001 3555 1148 3640 Ἰάρφαν,
1175 3554 1235 3617 τάν
1259 3570 1337 3635 συμ·

210 3652 408 3734 μαχήσαντα
427 3660 578 3737 Δομιτίῳ,
600 3655 662 3741 τήν
683 3656 721 3718 δὲ
744 3656 916 3738 βασιλείαν
934 3655 1061 3739 Ἰάμψᾳ
1083 3655 1260 3735 παρέδωκε.

105 3801 108 3808 ,
170 3761 250 3842 App.
271 3762 371 3841 1,80;
399 3761 581 3852 Ἱεμψάλαν
611 3761 797 3828 ἐκπεσόντα
824 3762 891 3827 ὑπὸ
913 3761 1080 3844 Νομάδων
1106 3763 1138 3837 ἐς
1163 3759 1222 3846 τήν
1242 3765 1336 3842 βασι-

214 3859 305 3926 λείαν
324 3865 526 3944 καταγαγεῖν.

170 3967 243 4032 Sall.
266 3969 289 4046 l,
312 3971 365 4034 11:
398 3969 429 4034 iu
459 3969 575 4034 bellum
604 3969 764 4034 excitabat
791 3974 892 4034 metus
917 3938 1046 4050 Pompei
1077 3968 1204 4033 victoris
1231 3966 1336 4032 Hiem-

209 4068 327 4149 psalem
350 4069 381 4133 in
403 4085 534 4149 regnum
556 4069 776 4134 restituentis..

225 4190 411 4256 Plutarchus
442 4193 564 4273 quidem
598 4193 689 4258 aliam
722 4193 797 4257 dicit
825 4193 907 4274 regis
939 4175 1070 4257 nominis
1097 4192 1245 4271 formam,
1279 4207 1335 4254 nec

130 4289 304 4354 reddidisse
334 4298 443 4356 narrat
473 4293 501 4364 ei
529 4311 659 4374 regnum
682 4293 862 4374 Pompeium
886 4292 939 4356 sed
960 4293 1145 4372 tradidisse3
1174 4291 1334 4370 appianus

1147 4415 1180 4468 l*
