<?xml version="1.0" encoding="UTF-8"?>
<!DOCTYPE html PUBLIC "-//W3C//DTD XHTML 1.0 Transitional//EN"
    "http://www.w3.org/TR/xhtml1/DTD/xhtml1-transitional.dtd">
<html xmlns="http://www.w3.org/1999/xhtml" xml:lang="en" lang="en">
 <head>
  <title>
</title>
<meta http-equiv="Content-Type" content="text/html;charset=utf-8" />
  <meta name='ocr-system' content='tesseract 3.04.00' />
  <meta name='ocr-capabilities' content='ocr_page ocr_carea ocr_par ocr_line ocrx_word'/>
</head>
<body>
  <div class='ocr_page' id='page_1' title='image "./quaestionesplut00vogegoog_0047.png"; bbox 0 0 3452 5036; ppageno 0'>
   <div class='ocr_carea' id='block_1_1' title="bbox 980 423 1022 488">
    <p class='ocr_par' dir='ltr' id='par_1_1' title="bbox 980 423 1022 488">
     <span class='ocr_line' id='line_1_1' title="bbox 980 423 1022 488; baseline 0.024 -1"><span class='ocrx_word' id='word_1_1' title='bbox 980 423 1022 488; x_wconf 81' lang='lat'><strong><em>40</em></strong></span> 
     </span>
    </p>
   </div>
   <div class='ocr_carea' id='block_1_2' title="bbox 337 597 1619 1876">
    <p class='ocr_par' dir='ltr' id='par_1_2' title="bbox 337 597 1619 1676">
     <span class='ocr_line' id='line_1_2' title="bbox 402 597 1617 683; baseline 0 -21"><span class='ocrx_word' id='word_1_2' title='bbox 402 607 493 662; x_wconf 76' lang='grc' dir='ltr'><strong><em>έπων</em></strong></span> <span class='ocrx_word' id='word_1_3' title='bbox 527 599 569 663; x_wconf 79' lang='lat' dir='ltr'>rol</span> <span class='ocrx_word' id='word_1_4' title='bbox 606 599 785 683; x_wconf 82' lang='grc' dir='ltr'><strong><em>πράγματα</em></strong></span> <span class='ocrx_word' id='word_1_5' title='bbox 820 599 984 673; x_wconf 74' lang='grc' dir='ltr'><strong><em>Ποθεινὸς</em></strong></span> <span class='ocrx_word' id='word_1_6' title='bbox 1031 598 1127 664; x_wconf 92' lang='grc' dir='ltr'><strong><em>λιστα</em></strong></span> <span class='ocrx_word' id='word_1_7' title='bbox 1155 597 1297 682; x_wconf 74' lang='grc' dir='ltr'><strong><em>γεγονώς.</em></strong></span> <span class='ocrx_word' id='word_1_8' title='bbox 1338 599 1564 683; x_wconf 75' lang='grc' dir='ltr'><strong><em>ἐπετρόπευον</em></strong></span> <span class='ocrx_word' id='word_1_9' title='bbox 1588 603 1617 662; x_wconf 80' lang='grc' dir='ltr'><strong><em>δ’</em></strong></span> 
     </span>
     <span class='ocr_line' id='line_1_3' title="bbox 401 694 1618 787; baseline 0.002 -26"><span class='ocrx_word' id='word_1_10' title='bbox 401 694 540 782; x_wconf 78' lang='grc' dir='ltr'><em>ἤθροισε</em></span> <span class='ocrx_word' id='word_1_11' title='bbox 568 699 687 784; x_wconf 73' lang='grc' dir='ltr'><strong><em>βουλήν</em></strong></span> <span class='ocrx_word' id='word_1_12' title='bbox 708 701 774 762; x_wconf 79' lang='grc' dir='ltr'><strong><em>τῶν</em></strong></span> <span class='ocrx_word' id='word_1_13' title='bbox 795 697 983 762; x_wconf 82' lang='grc' dir='ltr'><strong><em>όννατοιτό-</em></strong></span> <span class='ocrx_word' id='word_1_14' title='bbox 1030 697 1121 780; x_wconf 77' lang='grc' dir='ltr'><strong><em>αὐτῷ</em></strong></span> <span class='ocrx_word' id='word_1_15' title='bbox 1137 699 1199 787; x_wconf 74' lang='grc' dir='ltr'><strong><em>τήν</em></strong></span> <span class='ocrx_word' id='word_1_16' title='bbox 1215 703 1277 780; x_wconf 83' lang='grc' dir='ltr'><strong><em>μὲν</em></strong></span> <span class='ocrx_word' id='word_1_17' title='bbox 1293 702 1452 781; x_wconf 75' lang='grc' dir='ltr'><strong><em>στρατιαν</em></strong></span> <span class='ocrx_word' id='word_1_18' title='bbox 1465 701 1618 781; x_wconf 77' lang='grc' dir='ltr'><strong><em>Ἀχιλλᾶς,</em></strong></span> 
     </span>
     <span class='ocr_line' id='line_1_4' title="bbox 401 795 1618 884; baseline 0.002 -24"><span class='ocrx_word' id='word_1_19' title='bbox 401 819 475 863; x_wconf 86' lang='grc' dir='ltr'><strong><em>τον.</em></strong></span> <span class='ocrx_word' id='word_1_20' title='bbox 501 798 553 879; x_wconf 90' lang='lat' dir='ltr'><strong><em>qui</em></strong></span> <span class='ocrx_word' id='word_1_21' title='bbox 572 803 665 864; x_wconf 82' lang='lat' dir='ltr'>erant</span> <span class='ocrx_word' id='word_1_22' title='bbox 680 803 807 880; x_wconf 88' lang='lat' dir='ltr'>praeter</span> <span class='ocrx_word' id='word_1_23' title='bbox 816 795 983 860; x_wconf 88' lang='lat' dir='ltr'>Pothinum</span> <span class='ocrx_word' id='word_1_24' title='bbox 1031 799 1074 861; x_wconf 74' lang='grc' dir='ltr'><strong><em>τό</em></strong></span> <span class='ocrx_word' id='word_1_25' title='bbox 1094 798 1131 862; x_wconf 79' lang='grc' dir='ltr'><strong><em>δὲ</em></strong></span> <span class='ocrx_word' id='word_1_26' title='bbox 1153 797 1306 884; x_wconf 81' lang='grc' dir='ltr'><strong><em>χρήματα</em></strong></span> <span class='ocrx_word' id='word_1_27' title='bbox 1326 799 1491 872; x_wconf 73' lang='grc' dir='ltr'><strong><em>Ποθεινὸς</em></strong></span> <span class='ocrx_word' id='word_1_28' title='bbox 1506 800 1618 863; x_wconf 73' lang='grc' dir='ltr'><strong><em>εὐνοῦ-</em></strong></span> 
     </span>
     <span class='ocr_line' id='line_1_5' title="bbox 337 894 1618 988; baseline 0.002 -28"><span class='ocrx_word' id='word_1_29' title='bbox 337 955 340 960; x_wconf 89' lang='grc'><strong><em>.</em></strong></span> <span class='ocrx_word' id='word_1_30' title='bbox 401 894 580 962; x_wconf 82' lang='lat' dir='ltr'>Theodotus</span> <span class='ocrx_word' id='word_1_31' title='bbox 623 895 719 962; x_wconf 86' lang='lat' dir='ltr'>Chius</span> <span class='ocrx_word' id='word_1_32' title='bbox 767 903 800 962; x_wconf 81' lang='lat' dir='ltr'><strong><em>el</em></strong></span> <span class='ocrx_word' id='word_1_33' title='bbox 842 894 982 962; x_wconf 85' lang='lat' dir='ltr'>Achillas</span> <span class='ocrx_word' id='word_1_34' title='bbox 1030 919 1093 978; x_wconf 87' lang='grc' dir='ltr'><strong><em>χος.</em></strong></span> <span class='ocrx_word' id='word_1_35' title='bbox 1158 897 1191 962; x_wconf 82' lang='grc' dir='ltr'><strong><em>οἳ</em></strong></span> <span class='ocrx_word' id='word_1_36' title='bbox 1228 901 1350 988; x_wconf 71' lang='grc' dir='ltr'><strong><em>βουλήν</em></strong></span> <span class='ocrx_word' id='word_1_37' title='bbox 1393 901 1618 984; x_wconf 74' lang='grc' dir='ltr'><strong><em>προύτίθεντο</em></strong></span> 
     </span>
     <span class='ocr_line' id='line_1_6' title="bbox 401 994 1619 1083; baseline 0.002 -23"><span class='ocrx_word' id='word_1_38' title='bbox 401 995 584 1078; x_wconf 71' lang='lat' dir='ltr'>Aegyptius</span> <span class='ocrx_word' id='word_1_39' title='bbox 639 994 691 1059; x_wconf 84' lang='lat' dir='ltr'>alii</span> <span class='ocrx_word' id='word_1_40' title='bbox 722 994 904 1077; x_wconf 89' lang='lat' dir='ltr'>Pompeium</span> <span class='ocrx_word' id='word_1_41' title='bbox 934 1012 980 1059; x_wconf 84' lang='lat' dir='ltr'>re·</span> <span class='ocrx_word' id='word_1_42' title='bbox 1031 997 1107 1079; x_wconf 80' lang='grc' dir='ltr'><strong><em>περὶ</em></strong></span> <span class='ocrx_word' id='word_1_43' title='bbox 1128 999 1189 1060; x_wconf 77' lang='grc' dir='ltr'><strong><em>τοῦ</em></strong></span> <span class='ocrx_word' id='word_1_44' title='bbox 1202 1000 1388 1083; x_wconf 81' lang='grc' dir='ltr'><strong><em>Πομπηΐου.</em></strong></span> <span class='ocrx_word' id='word_1_45' title='bbox 1421 1001 1475 1063; x_wconf 84' lang='grc' dir='ltr'><strong><em>καὶ</em></strong></span> <span class='ocrx_word' id='word_1_46' title='bbox 1499 999 1619 1082; x_wconf 74' lang='grc' dir='ltr'><strong><em>παρεόν</em></strong></span> 
     </span>
     <span class='ocr_line' id='line_1_7' title="bbox 401 1093 1618 1183; baseline 0.002 -24"><span class='ocrx_word' id='word_1_47' title='bbox 401 1093 505 1176; x_wconf 86' lang='lat' dir='ltr'><strong>cipere</strong></span> <span class='ocrx_word' id='word_1_48' title='bbox 527 1094 581 1159; x_wconf 87' lang='lat' dir='ltr'>alii</span> <span class='ocrx_word' id='word_1_49' title='bbox 609 1093 760 1176; x_wconf 84' lang='lat' dir='ltr'>repellere</span> <span class='ocrx_word' id='word_1_50' title='bbox 788 1093 980 1170; x_wconf 87' lang='lat' dir='ltr'>suadebant;</span> <span class='ocrx_word' id='word_1_51' title='bbox 1030 1097 1048 1161; x_wconf 86' lang='grc' dir='ltr'><strong><em>ό</em></strong></span> <span class='ocrx_word' id='word_1_52' title='bbox 1085 1096 1209 1180; x_wconf 78' lang='grc' dir='ltr'><strong><em>Σάμιος</em></strong></span> <span class='ocrx_word' id='word_1_53' title='bbox 1243 1096 1403 1172; x_wconf 81' lang='grc' dir='ltr'><strong><em>Θεόδοτος</em></strong></span> <span class='ocrx_word' id='word_1_54' title='bbox 1445 1098 1464 1162; x_wconf 88' lang='lat' dir='ltr'><strong><em>o‘</em></strong></span> <span class='ocrx_word' id='word_1_55' title='bbox 1498 1099 1618 1183; x_wconf 75' lang='grc' dir='ltr'><strong><em>ῥήτωρ,</em></strong></span> 
     </span>
     <span class='ocr_line' id='line_1_8' title="bbox 401 1191 1618 1276; baseline 0.002 -17"><span class='ocrx_word' id='word_1_56' title='bbox 401 1191 565 1259; x_wconf 77' lang='grc' dir='ltr'><strong><em>Θεόδοτον·</em></strong></span> <span class='ocrx_word' id='word_1_57' title='bbox 592 1193 630 1256; x_wconf 78' lang='grc' dir='ltr'><strong><em>δὲ</em></strong></span> <span class='ocrx_word' id='word_1_58' title='bbox 659 1197 745 1258; x_wconf 80' lang='grc' dir='ltr'><strong><em>Χῖον</em></strong></span> <span class='ocrx_word' id='word_1_59' title='bbox 780 1193 837 1256; x_wconf 76' lang='grc' dir='ltr'><strong><em>ἐπὶ</em></strong></span> <span class='ocrx_word' id='word_1_60' title='bbox 868 1195 983 1276; x_wconf 79' lang='grc' dir='ltr'><strong><em>μισθῷ</em></strong></span> <span class='ocrx_word' id='word_1_61' title='bbox 1031 1196 1227 1270; x_wconf 77' lang='grc' dir='ltr'><strong><em>διδάσκαλος</em></strong></span> <span class='ocrx_word' id='word_1_62' title='bbox 1240 1193 1286 1260; x_wconf 77' lang='grc' dir='ltr'><strong><em>τόν</em></strong></span> <span class='ocrx_word' id='word_1_63' title='bbox 1301 1201 1361 1259; x_wconf 81' lang='grc' dir='ltr'><strong><em>τοῦ</em></strong></span> <span class='ocrx_word' id='word_1_64' title='bbox 1376 1198 1548 1272; x_wconf 85' lang='grc' dir='ltr'><strong><em>παιδός...</em></strong></span> <span class='ocrx_word' id='word_1_65' title='bbox 1568 1201 1618 1262; x_wconf 79' lang='grc' dir='ltr'><strong><em>ε’ν-</em></strong></span> 
     </span>
     <span class='ocr_line' id='line_1_9' title="bbox 401 1292 1618 1381; baseline 0.002 -24"><span class='ocrx_word' id='word_1_66' title='bbox 401 1295 574 1380; x_wconf 65' lang='grc' dir='ltr'><strong><em>ῥητορικῶν</em></strong></span> <span class='ocrx_word' id='word_1_67' title='bbox 588 1293 691 1375; x_wconf 75' lang='grc' dir='ltr'><strong><em>λόγων</em></strong></span> <span class='ocrx_word' id='word_1_68' title='bbox 706 1292 907 1358; x_wconf 81' lang='grc' dir='ltr'><strong><em>διδάσκαλον</em></strong></span> <span class='ocrx_word' id='word_1_69' title='bbox 926 1293 982 1356; x_wconf 83' lang='grc' dir='ltr'><strong><em>α’ν-</em></strong></span> <span class='ocrx_word' id='word_1_70' title='bbox 1032 1296 1185 1378; x_wconf 81' lang='grc' dir='ltr'><strong><em>εόρεῦσαι</em></strong></span> <span class='ocrx_word' id='word_1_71' title='bbox 1211 1297 1265 1360; x_wconf 83' lang='grc' dir='ltr'><strong><em>καὶ</em></strong></span> <span class='ocrx_word' id='word_1_72' title='bbox 1291 1301 1415 1360; x_wconf 78' lang='grc' dir='ltr'><strong><em>κτεῖναι</em></strong></span> <span class='ocrx_word' id='word_1_73' title='bbox 1437 1297 1618 1381; x_wconf 70' lang='grc' dir='ltr'><strong><em>Πομπήιον</em></strong></span> 
     </span>
     <span class='ocr_line' id='line_1_10' title="bbox 403 1393 1615 1478; baseline 0.003 -22"><span class='ocrx_word' id='word_1_74' title='bbox 403 1393 594 1478; x_wconf 78' lang='grc' dir='ltr'><strong><em>ειλημμόνον</em></strong></span> <span class='ocrx_word' id='word_1_75' title='bbox 624 1394 738 1458; x_wconf 81' lang='lat' dir='ltr'>dixisse</span> <span class='ocrx_word' id='word_1_76' title='bbox 767 1393 878 1459; x_wconf 81' lang='lat' dir='ltr'><strong>tradit:</strong></span> <span class='ocrx_word' id='word_1_77' title='bbox 907 1393 983 1474; x_wconf 81' lang='grc' dir='ltr'><strong><em>κρά·</em></strong></span> <span class='ocrx_word' id='word_1_78' title='bbox 1032 1396 1073 1470; x_wconf 84' lang='grc' dir='ltr'><strong><em>ιός</em></strong></span> <span class='ocrx_word' id='word_1_79' title='bbox 1092 1404 1321 1478; x_wconf 76' lang='grc' dir='ltr'><strong><em>χαριουμένους</em></strong></span> <span class='ocrx_word' id='word_1_80' title='bbox 1341 1403 1483 1478; x_wconf 82' lang='grc' dir='ltr'><strong><em>Καίσαρι</em></strong></span> <span class='ocrx_word' id='word_1_81' title='bbox 1504 1448 1512 1462; x_wconf 95' lang='grc'><strong><em>.</em></strong></span> <span class='ocrx_word' id='word_1_82' title='bbox 1533 1451 1539 1462; x_wconf 92' lang='grc'><strong><em>.</em></strong></span> <span class='ocrx_word' id='word_1_83' title='bbox 1561 1421 1615 1460; x_wconf 86' lang='grc' dir='ltr'><strong><em>κο-</em></strong></span> 
     </span>
     <span class='ocr_line' id='line_1_11' title="bbox 400 1484 1502 1583; baseline 0.003 -26"><span class='ocrx_word' id='word_1_84' title='bbox 400 1512 512 1559; x_wconf 92' lang='grc' dir='ltr'><strong><em>τιστον</em></strong></span> <span class='ocrx_word' id='word_1_85' title='bbox 544 1484 628 1557; x_wconf 71' lang='grc' dir='ltr'><strong><em>εἶναι</em></strong></span> <span class='ocrx_word' id='word_1_86' title='bbox 657 1503 983 1583; x_wconf 73' lang='grc' dir='ltr'><strong><em>μεταπεμψαμένους</em></strong></span> <span class='ocrx_word' id='word_1_87' title='bbox 1031 1500 1195 1579; x_wconf 68' lang='grc' dir='ltr'><strong><em>ρωθείσρς</em></strong></span> <span class='ocrx_word' id='word_1_88' title='bbox 1214 1499 1270 1580; x_wconf 81' lang='grc' dir='ltr'><strong><em>τῆς</em></strong></span> <span class='ocrx_word' id='word_1_89' title='bbox 1288 1495 1440 1580; x_wconf 76' lang='grc' dir='ltr'><strong><em>γνώμης.</em></strong></span> <span class='ocrx_word' id='word_1_90' title='bbox 1465 1549 1472 1562; x_wconf 94' lang='grc'><strong><em>.</em></strong></span> <span class='ocrx_word' id='word_1_91' title='bbox 1496 1549 1502 1560; x_wconf 89' lang='grc'><strong><em>.</em></strong></span> 
     </span>
     <span class='ocr_line' id='line_1_12' title="bbox 400 1587 983 1676; baseline 0 -17"><span class='ocrx_word' id='word_1_92' title='bbox 400 1594 531 1659; x_wconf 80' lang='grc' dir='ltr'><strong><em>α’νελεϊν</em></strong></span> <span class='ocrx_word' id='word_1_93' title='bbox 567 1592 627 1656; x_wconf 82' lang='grc' dir='ltr'><strong><em>τόν</em></strong></span> <span class='ocrx_word' id='word_1_94' title='bbox 665 1587 787 1674; x_wconf 75' lang='grc' dir='ltr'><strong><em>ἄνδρα·</em></strong></span> <span class='ocrx_word' id='word_1_95' title='bbox 838 1595 892 1656; x_wconf 80' lang='grc' dir='ltr'><strong><em>καὶ</em></strong></span> <span class='ocrx_word' id='word_1_96' title='bbox 923 1594 983 1676; x_wconf 74' lang='lat' dir='ltr'>yolo</span> 
     </span>
    </p>

    <p class='ocr_par' dir='ltr' id='par_1_3' title="bbox 402 1691 982 1776">
     <span class='ocr_line' id='line_1_13' title="bbox 402 1691 982 1776; baseline -0.002 -18"><span class='ocrx_word' id='word_1_97' title='bbox 402 1695 513 1776; x_wconf 84' lang='grc' dir='ltr'><strong><em>ἐκείνῳ</em></strong></span> <span class='ocrx_word' id='word_1_98' title='bbox 537 1691 689 1774; x_wconf 82' lang='lat' dir='ltr'>(Caesari)</span> <span class='ocrx_word' id='word_1_99' title='bbox 710 1697 902 1775; x_wconf 79' lang='grc' dir='ltr'><strong><em>χαριεῖσθαι</em></strong></span> <span class='ocrx_word' id='word_1_100' title='bbox 923 1744 930 1760; x_wconf 94' lang='grc'><strong><em>.</em></strong></span> <span class='ocrx_word' id='word_1_101' title='bbox 948 1743 982 1760; x_wconf 94' lang='grc'><strong><em>..</em></strong></span> 
     </span>
    </p>

    <p class='ocr_par' dir='ltr' id='par_1_4' title="bbox 401 1790 892 1876">
     <span class='ocr_line' id='line_1_14' title="bbox 401 1790 823 1876; baseline -0.004 -16"><span class='ocrx_word' id='word_1_102' title='bbox 401 1793 471 1876; x_wconf 84' lang='grc'>(88)</span> <span class='ocrx_word' id='word_1_103' title='bbox 492 1794 599 1858; x_wconf 82' lang='grc' dir='ltr'><strong><em>ταῦτα</em></strong></span> <span class='ocrx_word' id='word_1_104' title='bbox 619 1790 823 1875; x_wconf 76' lang='grc' dir='ltr'><strong><em>κυρώσαντες</em></strong></span> 
     </span>
    </p>
   </div>
   <div class='ocr_carea' id='block_1_3' title="bbox 400 1900 1617 2098">
    <p class='ocr_par' dir='ltr' id='par_1_5' title="bbox 400 1900 1617 2098">
     <span class='ocr_line' id='line_1_15' title="bbox 401 1900 1617 1984; baseline 0.002 -18"><span class='ocrx_word' id='word_1_105' title='bbox 401 1900 508 1966; x_wconf 89' lang='lat' dir='ltr'>eadem</span> <span class='ocrx_word' id='word_1_106' title='bbox 537 1900 689 1967; x_wconf 88' lang='lat' dir='ltr'><strong>similibus</strong></span> <span class='ocrx_word' id='word_1_107' title='bbox 718 1906 751 1965; x_wconf 93' lang='lat' dir='ltr'>et</span> <span class='ocrx_word' id='word_1_108' title='bbox 780 1900 894 1966; x_wconf 87' lang='lat' dir='ltr'>eisdem</span> <span class='ocrx_word' id='word_1_109' title='bbox 916 1903 1122 1983; x_wconf 88' lang='lat' dir='ltr'>pronuntiant</span> <span class='ocrx_word' id='word_1_110' title='bbox 1143 1902 1250 1966; x_wconf 88' lang='lat' dir='ltr'>eodem</span> <span class='ocrx_word' id='word_1_111' title='bbox 1273 1903 1380 1968; x_wconf 86' lang='lat' dir='ltr'>ordine</span> <span class='ocrx_word' id='word_1_112' title='bbox 1404 1905 1522 1984; x_wconf 84' lang='lat' dir='ltr'>verbis,</span> <span class='ocrx_word' id='word_1_113' title='bbox 1557 1905 1617 1968; x_wconf 90' lang='lat' dir='ltr'>nisi</span> 
     </span>
     <span class='ocr_line' id='line_1_16' title="bbox 400 1999 1401 2098; baseline 0.003 -34"><span class='ocrx_word' id='word_1_114' title='bbox 400 2000 486 2084; x_wconf 88' lang='lat' dir='ltr'>quod</span> <span class='ocrx_word' id='word_1_115' title='bbox 509 2001 797 2098; x_wconf 19' lang='lat' dir='ltr'>errore&#39;Appiauus</span> <span class='ocrx_word' id='word_1_116' title='bbox 820 1999 1013 2068; x_wconf 86' lang='lat' dir='ltr'>Theodotum</span> <span class='ocrx_word' id='word_1_117' title='bbox 1035 2001 1172 2067; x_wconf 85' lang='lat' dir='ltr'>Samium</span> <span class='ocrx_word' id='word_1_118' title='bbox 1195 2000 1292 2066; x_wconf 88' lang='lat' dir='ltr'>luisse</span> <span class='ocrx_word' id='word_1_119' title='bbox 1315 2002 1401 2067; x_wconf 88' lang='lat' dir='ltr'>dicit.</span> 
     </span>
    </p>
   </div>
   <div class='ocr_carea' id='block_1_4' title="bbox 401 2142 1617 2739">
    <p class='ocr_par' dir='ltr' id='par_1_6' title="bbox 401 2142 1617 2635">
     <span class='ocr_line' id='line_1_17' title="bbox 484 2142 1616 2227; baseline -0.002 -20"><span class='ocrx_word' id='word_1_120' title='bbox 484 2142 572 2207; x_wconf 83' lang='lat' dir='ltr'>Plul.</span> <span class='ocrx_word' id='word_1_121' title='bbox 594 2147 635 2208; x_wconf 85' lang='lat'><strong><em>79</em></strong></span> <span class='ocrx_word' id='word_1_122' title='bbox 658 2143 741 2227; x_wconf 79' lang='lat' dir='ltr'><strong><em>App.</em></strong></span> <span class='ocrx_word' id='word_1_123' title='bbox 765 2142 804 2221; x_wconf 90' lang='grc' dir='ltr'><strong><em>ΙΙ,</em></strong></span> <span class='ocrx_word' id='word_1_124' title='bbox 819 2146 858 2206; x_wconf 84' lang='lat'><strong><em>85</em></strong></span> <span class='ocrx_word' id='word_1_125' title='bbox 880 2160 947 2208; x_wconf 93' lang='lat' dir='ltr'><strong><em>cum</em></strong></span> <span class='ocrx_word' id='word_1_126' title='bbox 966 2160 1081 2222; x_wconf 85' lang='lat' dir='ltr'>omues,</span> <span class='ocrx_word' id='word_1_127' title='bbox 1104 2143 1156 2223; x_wconf 88' lang='lat' dir='ltr'><strong><em>qui</em></strong></span> <span class='ocrx_word' id='word_1_128' title='bbox 1179 2149 1270 2206; x_wconf 88' lang='lat' dir='ltr'>erant</span> <span class='ocrx_word' id='word_1_129' title='bbox 1290 2142 1321 2206; x_wconf 93' lang='lat' dir='ltr'><strong><em>iu</em></strong></span> <span class='ocrx_word' id='word_1_130' title='bbox 1343 2159 1433 2222; x_wconf 82' lang='lat' dir='ltr'>nave,</span> <span class='ocrx_word' id='word_1_131' title='bbox 1457 2143 1616 2208; x_wconf 87' lang='lat' dir='ltr'>silentium</span> 
     </span>
     <span class='ocr_line' id='line_1_18' title="bbox 403 2239 1617 2325; baseline 0 -20"><span class='ocrx_word' id='word_1_132' title='bbox 403 2247 543 2323; x_wconf 84' lang='lat' dir='ltr'>agerent,</span> <span class='ocrx_word' id='word_1_133' title='bbox 554 2241 719 2323; x_wconf 88' lang='lat' dir='ltr'>Pompeius</span> <span class='ocrx_word' id='word_1_134' title='bbox 733 2242 914 2324; x_wconf 87' lang='lat' dir='ltr'>Septimium</span> <span class='ocrx_word' id='word_1_135' title='bbox 926 2245 1017 2323; x_wconf 75' lang='lat' dir='ltr'>(App.</span> <span class='ocrx_word' id='word_1_136' title='bbox 1029 2260 1133 2307; x_wconf 87' lang='lat' dir='ltr'>errore</span> <span class='ocrx_word' id='word_1_137' title='bbox 1154 2239 1378 2325; x_wconf 80' lang='grc' dir='ltr'><strong><em>Σεμπρώνιον)</em></strong></span> <span class='ocrx_word' id='word_1_138' title='bbox 1387 2242 1539 2307; x_wconf 88' lang='lat' dir='ltr'>allocutus</span> <span class='ocrx_word' id='word_1_139' title='bbox 1551 2249 1617 2307; x_wconf 87' lang='lat' dir='ltr'>est:</span> 
     </span>
     <span class='ocr_line' id='line_1_19' title="bbox 404 2338 1614 2434; baseline -0.005 -21"><span class='ocrx_word' id='word_1_140' title='bbox 404 2347 462 2413; x_wconf 74' lang='grc' dir='ltr'><strong><em>»ου’</em></strong></span> <span class='ocrx_word' id='word_1_141' title='bbox 476 2347 518 2434; x_wconf 81' lang='grc' dir='ltr'><strong><em>δή</em></strong></span> <span class='ocrx_word' id='word_1_142' title='bbox 534 2347 600 2413; x_wconf 88' lang='grc' dir='ltr'><strong><em>ποό</em></strong></span> <span class='ocrx_word' id='word_1_143' title='bbox 616 2366 672 2413; x_wconf 71' lang='grc' dir='ltr'><strong><em>σει</em></strong></span> <span class='ocrx_word' id='word_1_144' title='bbox 692 2338 787 2411; x_wconf 80' lang='grc' dir='ltr'><strong><em>εἶπεν</em></strong></span> <span class='ocrx_word' id='word_1_145' title='bbox 804 2347 884 2429; x_wconf 77' lang='grc' dir='ltr'><strong><em>»ἐγιό</em></strong></span> <span class='ocrx_word' id='word_1_146' title='bbox 898 2371 983 2430; x_wconf 76' lang='grc' dir='ltr'><strong><em>νεγο-</em></strong></span> <span class='ocrx_word' id='word_1_147' title='bbox 1034 2338 1118 2430; x_wconf 70' lang='grc' dir='ltr'><strong><em>»ἄρα’</em></strong></span> <span class='ocrx_word' id='word_1_148' title='bbox 1129 2366 1166 2413; x_wconf 89' lang='grc' dir='ltr'><strong><em>σε</em></strong></span> <span class='ocrx_word' id='word_1_149' title='bbox 1175 2346 1346 2430; x_wconf 75' lang='grc' dir='ltr'><strong><em>γιγνώσκοι,</em></strong></span> <span class='ocrx_word' id='word_1_150' title='bbox 1355 2351 1614 2431; x_wconf 65' lang='grc' dir='ltr'><strong><em>σοστρατιῶταςι</em></strong></span> 
     </span>
     <span class='ocr_line' id='line_1_20' title="bbox 401 2445 1493 2532; baseline -0.002 -16"><span class='ocrx_word' id='word_1_151' title='bbox 401 2449 485 2516; x_wconf 89' lang='grc' dir='ltr'><strong><em>νότα</em></strong></span> <span class='ocrx_word' id='word_1_152' title='bbox 509 2446 754 2532; x_wconf 79' lang='grc' dir='ltr'><strong><em>συστρατιώτην</em></strong></span> <span class='ocrx_word' id='word_1_153' title='bbox 781 2449 862 2531; x_wconf 83' lang='grc' dir='ltr'><strong><em>ἐμόν</em></strong></span> <span class='ocrx_word' id='word_1_154' title='bbox 883 2449 984 2532; x_wconf 83' lang='grc' dir='ltr'><strong><em>α’μφι-</em></strong></span> <span class='ocrx_word' id='word_1_155' title='bbox 1031 2447 1086 2510; x_wconf 78' lang='grc' dir='ltr'><strong><em>καὶ</em></strong></span> <span class='ocrx_word' id='word_1_156' title='bbox 1109 2445 1142 2522; x_wconf 81' lang='grc' dir='ltr'><strong><em>ὃς</em></strong></span> <span class='ocrx_word' id='word_1_157' title='bbox 1163 2496 1170 2512; x_wconf 93' lang='grc'><strong><em>.</em></strong></span> <span class='ocrx_word' id='word_1_158' title='bbox 1195 2497 1201 2512; x_wconf 92' lang='grc'><strong><em>.</em></strong></span> <span class='ocrx_word' id='word_1_159' title='bbox 1225 2450 1431 2513; x_wconf 81' lang='grc' dir='ltr'><strong><em>ἐπένευσεν.</em></strong></span> <span class='ocrx_word' id='word_1_160' title='bbox 1455 2497 1462 2512; x_wconf 88' lang='grc'><strong><em>.</em></strong></span> <span class='ocrx_word' id='word_1_161' title='bbox 1486 2498 1493 2514; x_wconf 93' lang='grc'><strong><em>.</em></strong></span> 
     </span>
     <span class='ocr_line' id='line_1_21' title="bbox 401 2549 929 2635; baseline -0.006 -19"><span class='ocrx_word' id='word_1_162' title='bbox 401 2553 517 2635; x_wconf 73' lang='grc' dir='ltr'><strong><em>γνοῶςε</em></strong></span> <span class='ocrx_word' id='word_1_163' title='bbox 544 2549 691 2622; x_wconf 73' lang='grc' dir='ltr'><strong><em>κακεῖνος</em></strong></span> <span class='ocrx_word' id='word_1_164' title='bbox 712 2550 897 2613; x_wconf 74' lang='grc' dir='ltr'><strong><em>ἐπένευσε.</em></strong></span> <span class='ocrx_word' id='word_1_165' title='bbox 922 2597 929 2613; x_wconf 93' lang='grc'><strong><em>.</em></strong></span> 
     </span>
    </p>

    <p class='ocr_par' dir='ltr' id='par_1_7' title="bbox 485 2654 1615 2739">
     <span class='ocr_line' id='line_1_22' title="bbox 485 2654 1615 2739; baseline -0.004 -15"><span class='ocrx_word' id='word_1_166' title='bbox 485 2657 654 2739; x_wconf 83' lang='lat' dir='ltr'>Septimius</span> <span class='ocrx_word' id='word_1_167' title='bbox 670 2656 784 2721; x_wconf 87' lang='lat' dir='ltr'>deinde</span> <span class='ocrx_word' id='word_1_168' title='bbox 798 2657 917 2737; x_wconf 88' lang='lat' dir='ltr'>primus</span> <span class='ocrx_word' id='word_1_169' title='bbox 932 2673 1074 2720; x_wconf 84' lang='lat' dir='ltr'>aversum</span> <span class='ocrx_word' id='word_1_170' title='bbox 1092 2655 1165 2720; x_wconf 92' lang='lat' dir='ltr'>ferit</span> <span class='ocrx_word' id='word_1_171' title='bbox 1176 2655 1365 2738; x_wconf 90' lang='lat' dir='ltr'>Pompeium,</span> <span class='ocrx_word' id='word_1_172' title='bbox 1386 2654 1494 2720; x_wconf 89' lang='lat' dir='ltr'>deinde</span> <span class='ocrx_word' id='word_1_173' title='bbox 1508 2655 1615 2720; x_wconf 88' lang='lat' dir='ltr'>ceteri.</span> 
     </span>
    </p>
   </div>
   <div class='ocr_carea' id='block_1_5' title="bbox 401 2796 1617 3399">
    <p class='ocr_par' dir='ltr' id='par_1_8' title="bbox 401 2796 1617 3399">
     <span class='ocr_line' id='line_1_23' title="bbox 479 2796 1617 2884; baseline -0.003 -21"><span class='ocrx_word' id='word_1_174' title='bbox 479 2798 570 2864; x_wconf 78' lang='lat' dir='ltr'>-Pmt</span> <span class='ocrx_word' id='word_1_175' title='bbox 583 2802 635 2864; x_wconf 85' lang='grc'><strong><em>80.</em></strong></span> <span class='ocrx_word' id='word_1_176' title='bbox 657 2799 741 2884; x_wconf 77' lang='lat' dir='ltr'><strong><em>App.</em></strong></span> <span class='ocrx_word' id='word_1_177' title='bbox 763 2797 795 2862; x_wconf 89' lang='lat' dir='ltr'><strong><em>ll.</em></strong></span> <span class='ocrx_word' id='word_1_178' title='bbox 819 2814 899 2880; x_wconf 91' lang='lat' dir='ltr'>quae</span> <span class='ocrx_word' id='word_1_179' title='bbox 930 2815 998 2862; x_wconf 89' lang='lat' dir='ltr'><strong><em>cum</em></strong></span> <span class='ocrx_word' id='word_1_180' title='bbox 1021 2815 1058 2861; x_wconf 90' lang='lat' dir='ltr'><strong><em>ex</em></strong></span> <span class='ocrx_word' id='word_1_181' title='bbox 1079 2797 1209 2862; x_wconf 86' lang='lat' dir='ltr'>navibus</span> <span class='ocrx_word' id='word_1_182' title='bbox 1232 2796 1357 2879; x_wconf 90' lang='lat' dir='ltr'>Pompei</span> <span class='ocrx_word' id='word_1_183' title='bbox 1379 2802 1541 2861; x_wconf 82' lang='lat' dir='ltr'>cernerent</span> <span class='ocrx_word' id='word_1_184' title='bbox 1565 2815 1617 2862; x_wconf 92' lang='lat' dir='ltr'><strong><em>co·</em></strong></span> 
     </span>
     <span class='ocr_line' id='line_1_24' title="bbox 401 2894 968 2976; baseline -0.007 -12"><span class='ocrx_word' id='word_1_185' title='bbox 401 2899 493 2964; x_wconf 90' lang='lat' dir='ltr'>mites</span> <span class='ocrx_word' id='word_1_186' title='bbox 514 2897 622 2964; x_wconf 90' lang='lat' dir='ltr'>dolore</span> <span class='ocrx_word' id='word_1_187' title='bbox 644 2896 774 2962; x_wconf 87' lang='lat' dir='ltr'>confecti</span> <span class='ocrx_word' id='word_1_188' title='bbox 792 2894 968 2976; x_wconf 82' lang='lat' dir='ltr'>effugerunt</span> 
     </span>
     <span class='ocr_line' id='line_1_25' title="bbox 402 3009 1617 3100; baseline -0.005 -18"><span class='ocrx_word' id='word_1_189' title='bbox 402 3017 487 3082; x_wconf 79' lang='grc' dir='ltr'><strong><em>κατα</em></strong></span> <span class='ocrx_word' id='word_1_190' title='bbox 508 3015 606 3096; x_wconf 80' lang='grc' dir='ltr'><strong><em>τάχος</em></strong></span> <span class='ocrx_word' id='word_1_191' title='bbox 623 3065 651 3082; x_wconf 92' lang='grc'><strong><em>..</em></strong></span> <span class='ocrx_word' id='word_1_192' title='bbox 669 3017 728 3080; x_wconf 82' lang='grc' dir='ltr'><strong><em>τοῦ</em></strong></span> <span class='ocrx_word' id='word_1_193' title='bbox 748 3015 786 3078; x_wconf 82' lang='grc' dir='ltr'><strong><em>δὲ</em></strong></span> <span class='ocrx_word' id='word_1_194' title='bbox 806 3014 984 3099; x_wconf 82' lang='grc' dir='ltr'><strong><em>Πομπηΐου</em></strong></span> <span class='ocrx_word' id='word_1_195' title='bbox 1032 3012 1182 3094; x_wconf 80' lang='grc' dir='ltr'><strong><em>τάχιστα.</em></strong></span> <span class='ocrx_word' id='word_1_196' title='bbox 1219 3009 1281 3079; x_wconf 65' lang='lat'><strong><em>865</em></strong></span> <span class='ocrx_word' id='word_1_197' title='bbox 1299 3014 1477 3096; x_wconf 68' lang='grc' dir='ltr'><strong><em>Πομπηΐου</em></strong></span> <span class='ocrx_word' id='word_1_198' title='bbox 1498 3014 1535 3077; x_wconf 77' lang='grc' dir='ltr'><strong><em>δὲ</em></strong></span> <span class='ocrx_word' id='word_1_199' title='bbox 1554 3013 1617 3100; x_wconf 70' lang='grc' dir='ltr'><strong><em>τήν</em></strong></span> 
     </span>
     <span class='ocr_line' id='line_1_26' title="bbox 402 3115 1616 3201; baseline -0.002 -19"><span class='ocrx_word' id='word_1_200' title='bbox 402 3117 462 3182; x_wconf 66' lang='grc' dir='ltr'><strong><em>τόν</em></strong></span> <span class='ocrx_word' id='word_1_201' title='bbox 497 3121 558 3200; x_wconf 82' lang='grc' dir='ltr'><strong><em>μὲν</em></strong></span> <span class='ocrx_word' id='word_1_202' title='bbox 584 3116 730 3201; x_wconf 67' lang='grc' dir='ltr'><strong><em>κεφαλήν</em></strong></span> <span class='ocrx_word' id='word_1_203' title='bbox 759 3115 983 3196; x_wconf 79' lang='grc' dir='ltr'><strong><em>α’ποτέμνονσι</em></strong></span> <span class='ocrx_word' id='word_1_204' title='bbox 1032 3119 1095 3196; x_wconf 79' lang='grc' dir='ltr'><strong><em>μὲν</em></strong></span> <span class='ocrx_word' id='word_1_205' title='bbox 1121 3115 1268 3199; x_wconf 72' lang='grc' dir='ltr'><strong><em>κεφαλήν</em></strong></span> <span class='ocrx_word' id='word_1_206' title='bbox 1297 3115 1539 3197; x_wconf 81' lang='grc' dir='ltr'><strong><em>α’ποτέμνοντες</em></strong></span> <span class='ocrx_word' id='word_1_207' title='bbox 1569 3167 1575 3180; x_wconf 94' lang='grc'><strong><em>.</em></strong></span> <span class='ocrx_word' id='word_1_208' title='bbox 1610 3167 1616 3180; x_wconf 94' lang='grc'><strong><em>.</em></strong></span> 
     </span>
     <span class='ocr_line' id='line_1_27' title="bbox 403 3211 1616 3303; baseline -0.002 -21"><span class='ocrx_word' id='word_1_209' title='bbox 403 3219 441 3284; x_wconf 83' lang='grc' dir='ltr'><strong><em>τό</em></strong></span> <span class='ocrx_word' id='word_1_210' title='bbox 470 3218 509 3281; x_wconf 77' lang='grc' dir='ltr'><strong><em>δὲ</em></strong></span> <span class='ocrx_word' id='word_1_211' title='bbox 538 3213 619 3281; x_wconf 74' lang='grc' dir='ltr'><strong><em>ἄλλο</em></strong></span> <span class='ocrx_word' id='word_1_212' title='bbox 645 3220 741 3299; x_wconf 80' lang='grc' dir='ltr'><strong><em>σῶμα</em></strong></span> <span class='ocrx_word' id='word_1_213' title='bbox 768 3215 983 3285; x_wconf 84' lang='lat' dir='ltr'>condiderunt.</span> <span class='ocrx_word' id='word_1_214' title='bbox 1033 3215 1071 3277; x_wconf 87' lang='grc' dir='ltr'><strong><em>τό</em></strong></span> <span class='ocrx_word' id='word_1_215' title='bbox 1086 3214 1124 3278; x_wconf 78' lang='grc' dir='ltr'><strong><em>δὲ</em></strong></span> <span class='ocrx_word' id='word_1_216' title='bbox 1136 3214 1253 3280; x_wconf 89' lang='grc' dir='ltr'><strong><em>λοιπόν</em></strong></span> <span class='ocrx_word' id='word_1_217' title='bbox 1272 3211 1369 3295; x_wconf 79' lang='grc' dir='ltr'><strong><em>σῶμό</em></strong></span> <span class='ocrx_word' id='word_1_218' title='bbox 1381 3235 1427 3287; x_wconf 91' lang='grc' dir='ltr'><strong><em>τις</em></strong></span> <span class='ocrx_word' id='word_1_219' title='bbox 1444 3216 1616 3303; x_wconf 77' lang='grc' dir='ltr'><strong><em>ἔθαψεν..</em></strong></span> 
     </span>
     <span class='ocr_line' id='line_1_28' title="bbox 403 3314 1617 3399; baseline -0.005 -15"><span class='ocrx_word' id='word_1_220' title='bbox 403 3322 534 3399; x_wconf 85' lang='grc' dir='ltr'><strong><em>Καῖσαρ</em></strong></span> <span class='ocrx_word' id='word_1_221' title='bbox 555 3316 666 3380; x_wconf 75' lang='grc' dir='ltr'><strong><em>ἐλθόν</em></strong></span> <span class='ocrx_word' id='word_1_222' title='bbox 689 3315 733 3391; x_wconf 83' lang='grc' dir='ltr'><strong><em>εἰς</em></strong></span> <span class='ocrx_word' id='word_1_223' title='bbox 756 3315 920 3397; x_wconf 75' lang='grc' dir='ltr'><strong><em>Αἴγυπτον</em></strong></span> <span class='ocrx_word' id='word_1_224' title='bbox 944 3364 951 3379; x_wconf 96' lang='grc'><strong><em>.</em></strong></span> <span class='ocrx_word' id='word_1_225' title='bbox 976 3363 983 3378; x_wconf 96' lang='grc'><strong><em>.</em></strong></span> <span class='ocrx_word' id='word_1_226' title='bbox 1034 3321 1128 3396; x_wconf 88' lang='lat' dir='ltr'>caput</span> <span class='ocrx_word' id='word_1_227' title='bbox 1153 3315 1281 3396; x_wconf 90' lang='lat' dir='ltr'>Pompei</span> <span class='ocrx_word' id='word_1_228' title='bbox 1309 3314 1436 3380; x_wconf 86' lang='lat' dir='ltr'>Caesari</span> <span class='ocrx_word' id='word_1_229' title='bbox 1466 3321 1617 3396; x_wconf 85' lang='lat' dir='ltr'>apporta-</span> 
     </span>
    </p>
   </div>
   <div class='ocr_carea' id='block_1_6' title="bbox 403 3413 1618 3819">
    <p class='ocr_par' dir='ltr' id='par_1_9' title="bbox 404 3413 1618 3501">
     <span class='ocr_line' id='line_1_29' title="bbox 404 3413 1618 3501; baseline -0.005 -19"><span class='ocrx_word' id='word_1_230' title='bbox 404 3420 462 3482; x_wconf 87' lang='grc' dir='ltr'><strong><em>τόν</em></strong></span> <span class='ocrx_word' id='word_1_231' title='bbox 481 3422 543 3500; x_wconf 80' lang='grc' dir='ltr'><strong><em>μὲν</em></strong></span> <span class='ocrx_word' id='word_1_232' title='bbox 557 3424 788 3500; x_wconf 80' lang='grc' dir='ltr'><strong><em>προσφέροντα</em></strong></span> <span class='ocrx_word' id='word_1_233' title='bbox 810 3415 872 3500; x_wconf 73' lang='grc' dir='ltr'><strong><em>τήν</em></strong></span> <span class='ocrx_word' id='word_1_234' title='bbox 887 3438 985 3499; x_wconf 73' lang='lat' dir='ltr'>asma·</span> <span class='ocrx_word' id='word_1_235' title='bbox 1034 3415 1129 3492; x_wconf 83' lang='lat' dir='ltr'>bant,</span> <span class='ocrx_word' id='word_1_236' title='bbox 1174 3413 1191 3478; x_wconf 82' lang='grc' dir='ltr'><strong><em>ὃ</em></strong></span> <span class='ocrx_word' id='word_1_237' title='bbox 1233 3416 1271 3478; x_wconf 80' lang='grc' dir='ltr'><strong><em>δὲ</em></strong></span> <span class='ocrx_word' id='word_1_238' title='bbox 1312 3413 1432 3487; x_wconf 69' lang='grc' dir='ltr'><strong><em>αὐτούς</em></strong></span> <span class='ocrx_word' id='word_1_239' title='bbox 1468 3413 1618 3501; x_wconf 71' lang='grc' dir='ltr'><strong><em>ἠμύνατο</em></strong></span> 
     </span>
    </p>

    <p class='ocr_par' dir='ltr' id='par_1_10' title="bbox 403 3514 1616 3715">
     <span class='ocr_line' id='line_1_30' title="bbox 403 3514 1439 3607; baseline -0.005 -23"><span class='ocrx_word' id='word_1_240' title='bbox 403 3519 465 3607; x_wconf 74' lang='grc' dir='ltr'><strong><em>λὴν</em></strong></span> <span class='ocrx_word' id='word_1_241' title='bbox 485 3518 526 3592; x_wconf 84' lang='grc' dir='ltr'><strong><em>ιός</em></strong></span> <span class='ocrx_word' id='word_1_242' title='bbox 548 3516 759 3599; x_wconf 83' lang='grc' dir='ltr'><strong><em>παλαμναῖον</em></strong></span> <span class='ocrx_word' id='word_1_243' title='bbox 773 3514 984 3598; x_wconf 79' lang='grc' dir='ltr'><strong><em>α’πεστροὶφη.</em></strong></span> <span class='ocrx_word' id='word_1_244' title='bbox 1034 3514 1134 3589; x_wconf 82' lang='grc' dir='ltr'><strong><em>α’ξίιος</em></strong></span> <span class='ocrx_word' id='word_1_245' title='bbox 1153 3517 1208 3602; x_wconf 77' lang='grc' dir='ltr'><strong><em>τῆς</em></strong></span> <span class='ocrx_word' id='word_1_246' title='bbox 1229 3516 1439 3597; x_wconf 85' lang='grc' dir='ltr'><strong><em>α’θεμιστίας.</em></strong></span> 
     </span>
     <span class='ocr_line' id='line_1_31' title="bbox 486 3633 1616 3715; baseline -0.004 -13"><span class='ocrx_word' id='word_1_247' title='bbox 486 3635 646 3704; x_wconf 87' lang='lat' dir='ltr'>Simillimc</span> <span class='ocrx_word' id='word_1_248' title='bbox 666 3635 761 3715; x_wconf 83' lang='lat' dir='ltr'>igitur</span> <span class='ocrx_word' id='word_1_249' title='bbox 776 3633 961 3700; x_wconf 84' lang='lat' dir='ltr'>Plutarchus</span> <span class='ocrx_word' id='word_1_250' title='bbox 978 3638 1011 3698; x_wconf 89' lang='lat' dir='ltr'>et</span> <span class='ocrx_word' id='word_1_251' title='bbox 1026 3635 1185 3715; x_wconf 83' lang='lat' dir='ltr'>Appianas</span> <span class='ocrx_word' id='word_1_252' title='bbox 1202 3641 1331 3698; x_wconf 87' lang='lat' dir='ltr'>narrant</span> <span class='ocrx_word' id='word_1_253' title='bbox 1348 3633 1472 3714; x_wconf 92' lang='lat' dir='ltr'>Pompei</span> <span class='ocrx_word' id='word_1_254' title='bbox 1486 3633 1616 3697; x_wconf 89' lang='lat' dir='ltr'>caedem</span> 
     </span>
    </p>

    <p class='ocr_par' dir='ltr' id='par_1_11' title="bbox 404 3729 1617 3819">
     <span class='ocr_line' id='line_1_32' title="bbox 404 3729 1617 3819; baseline -0.006 -16"><span class='ocrx_word' id='word_1_255' title='bbox 404 3736 544 3819; x_wconf 88' lang='lat' dir='ltr'>Uterque</span> <span class='ocrx_word' id='word_1_256' title='bbox 573 3735 647 3814; x_wconf 84' lang='lat' dir='ltr'>dicit</span> <span class='ocrx_word' id='word_1_257' title='bbox 676 3733 845 3799; x_wconf 87' lang='lat' dir='ltr'>exercitum</span> <span class='ocrx_word' id='word_1_258' title='bbox 875 3734 916 3798; x_wconf 90' lang='lat' dir='ltr'><strong><em>ad</em></strong></span> <span class='ocrx_word' id='word_1_259' title='bbox 947 3733 1023 3798; x_wconf 91' lang='lat' dir='ltr'>litus</span> <span class='ocrx_word' id='word_1_260' title='bbox 1052 3735 1237 3798; x_wconf 90' lang='lat' dir='ltr'>instructum</span> <span class='ocrx_word' id='word_1_261' title='bbox 1267 3733 1363 3798; x_wconf 88' lang='lat' dir='ltr'>luisse</span> <span class='ocrx_word' id='word_1_262' title='bbox 1392 3740 1424 3796; x_wconf 93' lang='lat' dir='ltr'>et</span> <span class='ocrx_word' id='word_1_263' title='bbox 1445 3732 1540 3798; x_wconf 88' lang='lat' dir='ltr'>verba</span> <span class='ocrx_word' id='word_1_264' title='bbox 1561 3729 1617 3796; x_wconf 86' lang='lat' dir='ltr'>illa</span> 
     </span>
    </p>
   </div>
   <div class='ocr_carea' id='block_1_7' title="bbox 404 3830 1617 4016">
    <p class='ocr_par' dir='ltr' id='par_1_12' title="bbox 404 3830 1617 4016">
     <span class='ocr_line' id='line_1_33' title="bbox 404 3830 1617 3919; baseline -0.005 -17"><span class='ocrx_word' id='word_1_265' title='bbox 404 3853 518 3919; x_wconf 84' lang='lat' dir='ltr'>graeca</span> <span class='ocrx_word' id='word_1_266' title='bbox 535 3835 712 3916; x_wconf 89' lang='lat' dir='ltr'>aPompeio</span> <span class='ocrx_word' id='word_1_267' title='bbox 730 3834 965 3916; x_wconf 80' lang='lat' dir='ltr'>pronuntiata1)</span> <span class='ocrx_word' id='word_1_268' title='bbox 988 3834 1095 3898; x_wconf 88' lang='lat' dir='ltr'>dicunt</span> <span class='ocrx_word' id='word_1_269' title='bbox 1106 3832 1306 3915; x_wconf 72' lang='grc' dir='ltr'><strong><em>Σοφοκλέους</em></strong></span> <span class='ocrx_word' id='word_1_270' title='bbox 1322 3830 1468 3915; x_wconf 78' lang='grc' dir='ltr'><strong><em>ἰαμβεῖα.</em></strong></span> <span class='ocrx_word' id='word_1_271' title='bbox 1502 3831 1617 3897; x_wconf 88' lang='lat' dir='ltr'>Differt</span> 
     </span>
     <span class='ocr_line' id='line_1_34' title="bbox 405 3931 1616 4016; baseline -0.007 -13"><span class='ocrx_word' id='word_1_272' title='bbox 405 3944 509 4004; x_wconf 87' lang='lat' dir='ltr'>autem</span> <span class='ocrx_word' id='word_1_273' title='bbox 531 3934 718 3999; x_wconf 82' lang='lat' dir='ltr'>Plutarchus</span> <span class='ocrx_word' id='word_1_274' title='bbox 739 3932 778 3998; x_wconf 88' lang='lat' dir='ltr'><strong><em>ab</em></strong></span> <span class='ocrx_word' id='word_1_275' title='bbox 793 3933 948 4016; x_wconf 87' lang='lat' dir='ltr'>Appiano,</span> <span class='ocrx_word' id='word_1_276' title='bbox 972 3951 1042 3998; x_wconf 89' lang='lat' dir='ltr'><strong><em>cum</em></strong></span> <span class='ocrx_word' id='word_1_277' title='bbox 1063 3934 1294 3998; x_wconf 86' lang='lat' dir='ltr'>accuratissime</span> <span class='ocrx_word' id='word_1_278' title='bbox 1316 3937 1425 3996; x_wconf 87' lang='lat' dir='ltr'>narrat</span> <span class='ocrx_word' id='word_1_279' title='bbox 1443 3939 1474 3996; x_wconf 90' lang='lat' dir='ltr'>et</span> <span class='ocrx_word' id='word_1_280' title='bbox 1487 3931 1616 4012; x_wconf 94' lang='lat' dir='ltr'>Pompei</span> 
     </span>
    </p>
   </div>
   <div class='ocr_carea' id='block_1_8' title="bbox 406 4100 1616 4386">
    <p class='ocr_par' dir='ltr' id='par_1_13' title="bbox 406 4100 1616 4386">
     <span class='ocr_line' id='line_1_35' title="bbox 478 4100 1616 4213; baseline -0.008 -18"><span class='ocrx_word' id='word_1_281' title='bbox 478 4141 504 4213; x_wconf 90' lang='lat'><strong><em>1)</em></strong></span> <span class='ocrx_word' id='word_1_282' title='bbox 523 4141 596 4196; x_wconf 72' lang='lat' dir='ltr'>Plul.</span> <span class='ocrx_word' id='word_1_283' title='bbox 616 4140 711 4210; x_wconf 85' lang='lat' dir='ltr'>Pomp.</span> <span class='ocrx_word' id='word_1_284' title='bbox 733 4139 766 4194; x_wconf 83' lang='grc'><strong><em>78</em></strong></span> <span class='ocrx_word' id='word_1_285' title='bbox 784 4139 852 4193; x_wconf 83' lang='lat' dir='ltr'>fine:</span> <span class='ocrx_word' id='word_1_286' title='bbox 870 4138 939 4198; x_wconf 81' lang='grc' dir='ltr'><strong><em>όοτις</em></strong></span> <span class='ocrx_word' id='word_1_287' title='bbox 957 4140 984 4191; x_wconf 72' lang='grc' dir='ltr'><strong><em>δὲ</em></strong></span> <span class='ocrx_word' id='word_1_288' title='bbox 1001 4141 1064 4210; x_wconf 76' lang='grc' dir='ltr'><strong><em>πρός</em></strong></span> <span class='ocrx_word' id='word_1_289' title='bbox 1081 4140 1204 4210; x_wconf 77' lang='grc' dir='ltr'><strong><em>τόραννον</em></strong></span> <span class='ocrx_word' id='word_1_290' title='bbox 1222 4139 1387 4210; x_wconf 71' lang='grc' dir='ltr'><strong><em>ἐμπορεύεται</em></strong></span> <span class='ocrx_word' id='word_1_291' title='bbox 1399 4145 1478 4190; x_wconf 77' lang='grc' dir='ltr'><strong><em>κείνου</em></strong></span> <span class='ocrx_word' id='word_1_292' title='bbox 1491 4137 1541 4188; x_wconf 74' lang='lat' dir='ltr'>’orl</span> <span class='ocrx_word' id='word_1_293' title='bbox 1559 4100 1616 4187; x_wconf 76' lang='grc' dir='ltr'><strong><em>δοῖ·-</em></strong></span> 
     </span>
     <span class='ocr_line' id='line_1_36' title="bbox 406 4225 1615 4302; baseline -0.011 -13"><span class='ocrx_word' id='word_1_294' title='bbox 406 4229 453 4292; x_wconf 74' lang='grc' dir='ltr'><strong><em>λοτ,</em></strong></span> <span class='ocrx_word' id='word_1_295' title='bbox 479 4227 525 4281; x_wconf 71' lang='grc' dir='ltr'><strong><em>κᾶν</em></strong></span> <span class='ocrx_word' id='word_1_296' title='bbox 543 4230 673 4299; x_wconf 64' lang='grc' dir='ltr'><strong><em>ἐλεύθεροι</em></strong></span> <span class='ocrx_word' id='word_1_297' title='bbox 695 4228 766 4302; x_wconf 74' lang='grc' dir='ltr'><strong><em>μόλῃ.</em></strong></span> <span class='ocrx_word' id='word_1_298' title='bbox 791 4258 823 4266; x_wconf 93' lang='lat'><strong><em>—-</em></strong></span> <span class='ocrx_word' id='word_1_299' title='bbox 852 4227 921 4294; x_wconf 82' lang='lat' dir='ltr'>App.</span> <span class='ocrx_word' id='word_1_300' title='bbox 940 4225 967 4280; x_wconf 90' lang='lat' dir='ltr'><strong><em>b.</em></strong></span> <span class='ocrx_word' id='word_1_301' title='bbox 987 4243 1008 4280; x_wconf 89' lang='grc' dir='ltr'><strong><em>ο,</em></strong></span> <span class='ocrx_word' id='word_1_302' title='bbox 1029 4226 1066 4287; x_wconf 93' lang='grc' dir='ltr'><strong><em>ΙΙ,</em></strong></span> <span class='ocrx_word' id='word_1_303' title='bbox 1080 4226 1126 4279; x_wconf 86' lang='grc'><strong><em>85;</em></strong></span> <span class='ocrx_word' id='word_1_304' title='bbox 1154 4227 1221 4285; x_wconf 72' lang='grc' dir='ltr'><strong><em>ὅστις</em></strong></span> <span class='ocrx_word' id='word_1_305' title='bbox 1240 4227 1289 4299; x_wconf 75' lang='grc' dir='ltr'><strong><em>μὶρ</em></strong></span> <span class='ocrx_word' id='word_1_306' title='bbox 1311 4225 1342 4278; x_wconf 76' lang='lat' dir='ltr'><strong><em>tle</em></strong></span> <span class='ocrx_word' id='word_1_307' title='bbox 1362 4225 1559 4290; x_wconf 65' lang='grc' dir='ltr'><strong><em>ιιῑριιιιονειο.</em></strong></span> <span class='ocrx_word' id='word_1_308' title='bbox 1589 4252 1615 4260; x_wconf 86' lang='grc'><strong><em>--</em></strong></span> 
     </span>
     <span class='ocr_line' id='line_1_37' title="bbox 407 4314 911 4386; baseline -0.006 -16"><span class='ocrx_word' id='word_1_309' title='bbox 407 4316 507 4370; x_wconf 80' lang='lat' dir='ltr'>Eadem</span> <span class='ocrx_word' id='word_1_310' title='bbox 525 4316 609 4370; x_wconf 76' lang='lat' dir='ltr'>verba</span> <span class='ocrx_word' id='word_1_311' title='bbox 627 4316 741 4386; x_wconf 85' lang='lat' dir='ltr'>praebet</span> <span class='ocrx_word' id='word_1_312' title='bbox 760 4314 809 4369; x_wconf 87' lang='lat' dir='ltr'><strong><em>Dio</em></strong></span> <span class='ocrx_word' id='word_1_313' title='bbox 827 4315 869 4376; x_wconf 79' lang='lat' dir='ltr'>ta,</span> <span class='ocrx_word' id='word_1_314' title='bbox 887 4317 911 4368; x_wconf 80' lang='lat' dir='ltr'><strong><em>l.</em></strong></span> 
     </span>
    </p>
   </div>
   <div class='ocr_carea' id='block_1_9' title="bbox 0 0 1734 5028">
    <p class='ocr_par' dir='ltr' id='par_1_14' title="bbox 0 0 1734 5028">
     <span class='ocr_line' id='line_1_38' title="bbox 0 0 1734 5028; baseline 0 0"><span class='ocrx_word' id='word_1_315' title='bbox 0 0 1734 5028; x_wconf 95' lang='lat' dir='ltr'><strong><em> </em></strong></span> 
     </span>
    </p>
   </div>
  </div>
 </body>
</html>
