3452 5036
698 433 735 496 19

198 613 276 680 Cato
299 613 330 678 id
352 612 421 678 fieri
443 614 551 680 vetuit.
600 612 763 696 Pompeius
786 619 887 679 autem
900 610 1057 679 ,Catonem
1080 614 1139 681 sibi
1161 615 1323 682 conciliare

112 716 248 780 studuit:

114 817 168 880 καὶ
191 818 283 880 δυεῖν
311 816 418 880 ούσῶν
442 815 630 899 ἀδελφιδῶν
652 818 697 897 τῷ
744 815 798 878 καὶ
819 813 880 880 δύο
900 817 960 879 τού
975 814 1126 891 Κάτωνος
1144 817 1325 901 ἀδελφιδᾶς

114 919 243 982 Κάτωνι
263 919 323 1002 τήν
343 923 405 1001 μὲν
424 916 524 992 αύτδς
546 918 697 1001 ἐβούλετο
745 915 920 998 ἐπιγάμους
944 918 1071 996 ἔχοντος
1091 914 1160 1002 ήτει
1181 918 1241 1005 τήν
1262 923 1324 1001 μὲν

113 1019 227 1100 λαβεῖν
241 1023 387 1100 γυναῖκα,
405 1018 466 1105 τήν
481 1019 520 1082 δὲ
537 1021 584 1100 τῷ
599 1018 696 1084 παιδὶ
745 1065 752 1078 .
777 1067 784 1082 .
814 1015 920 1098 ἑαυτῷ
946 1020 1097 1098 γυναῖκα,
1126 1017 1186 1106 τήν
1214 1020 1252 1084 δὲ
1278 1021 1325 1099 τῶ

115 1124 304 1183 συνοικίσαι.
744 1115 812 1198 viu.

197 1234 271 1299 Cum
295 1235 440 1298 mulieres
462 1233 553 1299 valde
576 1234 755 1314 gaudeant,
784 1232 862 1298 Cato
884 1233 1116 1300 matrimonium
1138 1233 1323 1304 votaufieri.

112 1335 277 1415 Pompeius
299 1335 514 1413 δεισιδαιμο]
536 1335 667 1401 amicum
691 1335 846 1398 consulem
867 1331 933 1397 fieri
956 1334 1058 1414 vellet,

113 1433 264 1518 ἀργύριον
305 1434 350 1508 εἰς
384 1435 444 1508 τάς
479 1434 583 1517 φυλάς
618 1432 696 1520 ἀνή-
744 1431 903 1516 ἀργύριον
920 1433 965 1508 εἰς
987 1434 1046 1509 τάς
1068 1433 1172 1516 φυλάς
1193 1435 1324 1514 ἔπεμπε

105 1534 230 1614 Ιλισκεν,
250 1535 327 1598 ,καὶ
348 1537 444 1597 τοῦτο
464 1533 629 1608 κατιόντες
650 1532 696 1609 εἰς
744 1534 797 1597 καὶ
827 1533 1020 1617 περιβόητος
1047 1533 1065 1597 ό
1092 1533 1254 1613 δεκασμός
1272 1522 1323 1616 ήν,

112 1634 187 1708 τούς
208 1635 385 1718 Πομπηΐου
407 1633 531 1718 κήπους
552 1631 695 1716 ε’λάμβα-
744 1631 779 1695 ἐν
799 1632 914 1716 κήποις
932 1634 1056 1696 ἐκείνου
1070 1636 1135 1696 τῶν
1149 1631 1325 1715 χρημάτων

112 1758 178 1814 νον,
197 1732 282 1799 ὥστε
296 1737 334 1796 τό
349 1738 485 1817 πράγμα
498 1734 695 1818 περιβόητον
744 1733 1005 1816 ἀριθμουμένων.
1065 1732 1228 1806 Εἰπόντος
1265 1721 1325 1796 ούν
1403 1781 1410 1793 .

113 1827 197 1899 εἶναι
220 1883 268 1899 ...
288 1833 429 1897 »τούτων
445 1843 587 1915 μέντοκι,
612 1836 695 1917 πρός
743 1836 802 1896 τοῦ
816 1833 969 1907 Κάτωνος
991 1833 1073 1915 πρός
1089 1834 1148 1907 τάς
1162 1837 1324 1914 γυναῖκας,

111 1935 172 2008 τάς
202 1939 354 2016 γυναῖκας
384 1933 401 1998 δ
432 1933 550 2002 Κάτων
581 1937 693 2019 ἔφησε,
744 1929 793 1995 ότι
820 1934 973 1995 τοιούτων
1009 1922 1050 2014 ήν
1087 1936 1252 2000 κοινωνεῖν
1280 1983 1287 1997 .
1317 1982 1323 1997 .

114 2038 197 2100 »τῶν
216 2037 353 2101 όνειδῶν
375 2045 584 2121 κοινωνητέον
601 2021 693 2098 οἰκεῖ·
743 2032 867 2116 ἀνάγκη
931 2033 1113 2116 ῶμολόγουν
1129 2035 1237 2096 ἐκεῖνα
1249 2033 1325 2097 κάλ-

112 2160 155 2210 οις
187 2137 365 2220 Πομπηΐου
399 2145 608 2219 γευομένοις-,ι
653 2133 695 2198 Αἱ
741 2133 810 2196 λιον
846 2132 947 2195 αὐτόν
981 2134 1225 2215 βεβουλεῦσθαι
1257 2134 1325 2196 δια-

111 2238 148 2300 δὲ
178 2237 364 2303 ἀκούσασαι
392 2245 599 2320 συνέγνωσαν
621 2235 693 2318 βέλ·
742 2231 976 2315 κρουσάμενον.

110 2362 179 2401 τιον
213 2338 323 2401 αύτῶν
353 2338 477 2402 ἐκεῖνον
508 2338 695 2418 λογίζεσθαι

110 2439 266 2521 περὶτοῦ
288 2447 481 2522 πρέποντος.
682 2448 689 2458 ’

112 2541 200 2606 Cam.
229 2545 293 2606 30:
339 2540 492 2604 Antonius
528 2541 692 2618 Καίσαρος
742 2537 817 2601 Ant.
833 2540 871 2602 5:
894 2536 952 2610 τάς
969 2540 1133 2618 Καίσαρος
1149 2533 1325 2606 ἐπιστολάς

111 2640 194 2721 ὑπὲρ
228 2639 352 2703 τούτων
394 2637 572 2723 ἐπιστολήν
606 2659 693 2719 νομι-
743 2637 781 2702 ού
804 2643 1027 2718 προσιεμένων
1049 2635 1126 2699 ούδδ
1146 2632 1272 2698 ἐώντων
1296 2682 1323 2698 ..

112 2744 259 2805 σθεῖσαν
280 2739 324 2813 εἰς
344 2740 382 2802 τό
399 2739 529 2822 πλῆθος
544 2737 693 2824 ἐξήνεγκε
743 2739 867 2820 ἀνέγνω
888 2786 943 2802 ...
965 2738 1054 2810 τέλος
1075 2737 1113 2799 δὲ
1135 2736 1227 2798 δυεῖν
1249 2734 1324 2815 ε’ρω-

110 2839 164 2901 καὶ
187 2838 310 2921 ἀνέγνω
331 2844 389 2924 βίᾳ
411 2841 476 2902 τῶν
498 2839 693 2904 ύπάτων...
742 2839 870 2926 τήσεων
899 2840 933 2901 ἐν
954 2841 993 2921 τῇ
1014 2837 1115 2919 βουλῇ
1135 2841 1323 2916 γενομένων,

111 2937 304 3019 ἐρωτώντων
331 2940 369 3002 δὲ
390 2943 455 3002 τῶν
477 2939 634 3021 ύπάτων,
664 2944 696 3002 εῖ
743 2943 799 3023 τῆς
842 2941 903 3020 μὲν
945 2935 975 2999 εἷ
1017 2937 1109 2998 δοκεῖ
1147 2932 1324 3016 Πομπήιου

111 3039 204 3102 δοκεῖ
233 3039 409 3126 Πομπήιον
446 3040 582 3123 ἀφεῖναι
620 3040 695 3113 τούς
743 3037 879 3120 ἀφεῖναι
893 3037 935 3099 w*
952 3032 1193 3115 στρατεύματα,
1214 3035 1271 3118 τῆς
1287 3033 1324 3096 δὲ

112 3139 321 3226 στρατιώτας,
343 3139 397 3203 καὶ
420 3137 531 3218 πάλιν,
550 3133 584 3204 ἐἰ
604 3141 698 3204 δοκεῖ
744 3136 774 3200 εἰ
794 3141 963 3216 Καίσαρα,
987 3134 1041 3196 καὶ
1063 3131 1239 3215 Πομπήιον
1261 3135 1322 3212 μὲν

112 3245 276 3323 Καίσαρα,
299 3242 339 3323 τή
361 3244 422 3321 μὲν
444 3238 543 3319 ὀλίγοι
564 3239 693 3304 παντά-
744 3236 858 3317 ὀλίγων
894 3236 937 3298 τά
974 3231 1062 3298 όπλα
1100 3235 1324 3309 καταθέσθαι,

111 3357 213 3418 πασι,
246 3343 286 3422 τῇ
315 3341 352 3402 δὲ
381 3337 504 3412 πάντες
533 3343 611 3420 παρ’
632 3340 694 3404 όλί·
744 3341 896 3416 Καίσαρα
913 3335 951 3397 δὲ
968 3317 1103 3397 πάντων
1114 3332 1191 3413 παρ’
1202 3331 1325 3413 ὀλίγους

111 3461 183 3518 γους
204 3444 418 3520 προσέθεντο·
460 3440 526 3502 τῶν
552 3438 590 3502 δὲ
618 3440 694 3520 περὶ
743 3433 949 3512 κελευόντων,
974 3483 980 3498 .
1004 3482 1011 3497 .
1035 3481 1041 3496 .
1064 3429 1225 3505 Ἀντώνιος
1244 3430 1326 3514 ήρῶ-

109 3538 275 3602 Ἀντωνιόυ
304 3538 405 3602 πάλιν
431 3536 611 3614 ἀξιούντων
633 3537 694 3620 άμ-
744 3553 843 3618 τήσεν
881 3534 912 3597 εἰ
945 3533 1037 3596 δοκεῖ
1066 3533 1120 3595 καὶ
1149 3529 1326 3616 Πομπήιον

113 3645 265 3720 φοτέρους
305 3637 365 3722 τήν
406 3636 509 3723 ἀρχήν
548 3637 693 3721 ἀφεῖναι,
745 3635 829 3717 όμού
870 3634 924 3696 καὶ
965 3636 1150 3713 Καίσαρα.
1179 3630 1323 3714 ἀφεῖναι.

111 3736 235 3810 πάντες
270 3737 397 3818 ὁμαλῶς
426 3736 693 3822 προσεχώρησαν.
743 3733 866 3817 ταύτην
900 3733 1055 3806 ἐδέξαντο
1083 3731 1239 3813 λαμπρῶς
1266 3728 1325 3814 τήν

743 3833 872 3917 γνῶμιγν
897 3830 1054 3906 άπαντες.

196 3953 285 4032 Quod
308 3973 346 4017 ne
367 3952 472 4035 fieret,
502 3953 655 4017 Lentulus
678 3950 783 4015 consul
805 3957 837 4014 et
859 3949 960 4030 Scipio
989 3945 1205 4030 prohibebant.
1254 3945 1325 4026 lpse

113 4063 216 4118 autem
240 4054 393 4117 Antonius
416 4057 590 4116 exsenatu
613 4069 632 4114 a
655 4050 778 4115 consule
807 4051 926 4113 eiectus
946 4053 1033 4112 veste
1059 4044 1176 4126 agresti
1199 4043 1324 4107 indutus

113 4155 151 4217 ud
176 4154 341 4218 Caesarem
366 4152 457 4216 venit.
506 4151 593 4228 Quae
614 4168 665 4215 res
686 4149 875 4230 permultum
902 4146 1010 4212 attulit
1036 4145 1076 4209 ad
1104 4143 1225 4208 animos
1247 4141 1324 4205 mili-

114 4259 179 4317 ium
202 4261 312 4319 contra
335 4270 406 4331 εοε,
429 4252 483 4330 qui
505 4251 623 4316 Romae
646 4256 753 4329 erant,
777 4247 1023 4314 inflammandos¹

1117 4372 1151 4424 2*
